3027 4904
513 349 607 422 12
1126 347 1574 420 EINHARDI
1627 347 1751 420 AN
1760 345 2060 421 NALES

515 529 818 605 consilio
873 553 968 600 ne
1020 527 1094 599 id
1149 530 1426 601 faceret
1477 528 2030 625 inpediebatur,
2085 526 2473 623 conloquio
2526 537 2685 599 tan·

512 642 671 704 tum
727 653 894 701 cum
960 652 1050 701 eo
1101 627 1350 701 habito
1420 627 1492 698 in
1545 629 1706 699 loco
1762 628 1884 725 qui
1938 624 2401 700 Duasdives1
2472 650 2687 698 voca-

513 742 671 827 tur,
739 730 969 800 fratre
1034 728 1109 799 in
1163 750 1478 822 regnum
1550 751 1765 800 suum
1830 738 2249 823 remeante,
2319 726 2445 798 ille
2497 727 2685 821 Ego·

513 825 874 903 lisenam²
924 826 1355 924 Aquitaniae
1391 826 1764 899 civitatem
1802 826 2316 925 proficiscitur,
2374 835 2449 898 et
2485 824 2682 921 inde,

514 928 905 1003 contractis
988 925 1309 1022 undique
1397 926 1666 1023 copiiS,
1759 927 2168 1023 fugientem
2257 925 2686 997 Hunoldum

514 1028 1019 1127 persequitur,
1074 1028 1527 1124 paulumque
1581 1026 1838 1122 abfuit,
1895 1028 2065 1123 quin
2122 1037 2438 1123 caperet.
2537 1024 2687 1097 Sed

513 1130 638 1201 ille
692 1126 954 1201 notitia
1006 1129 1374 1221 locorum,
1431 1126 1503 1196 in
1561 1126 1820 1222 quibus
1874 1127 2075 1222 regis
2131 1125 2529 1215 exercitum
2581 1126 2686 1195 la-

510 1240 671 1301 tere
732 1238 1057 1327 poterat,
1140 1225 1492 1298 liberatus
1565 1237 1713 1323 est,
1795 1227 2246 1323 dimissaque
2296 1224 2689 1320 Aquitania

511 1327 985 1402 Wasconiam
1051 1326 1304 1423 petiit,
1381 1336 1623 1398 tutum
1706 1350 1788 1398 se
1857 1326 1955 1397 ibi
2028 1328 2187 1397 fore
2265 1323 2686 1397 arbitratus.

514 1429 688 1500 Erat
752 1438 927 1499 tunc
987 1423 1436 1498 Wasconum
1500 1424 1688 1520 duX,
1764 1425 2015 1524 Lupus
2067 1424 2407 1518 nomine,
2481 1425 2686 1497 cuius

510 1525 684 1600 fidei
755 1550 836 1600 se
888 1525 1275 1599 Hunoldus
1329 1524 1794 1597 committere
1864 1549 2011 1597 non
2070 1523 2445 1596 dubitavit.
2577 1523 2686 1597 Ad

510 1651 733 1727 quem
800 1649 929 1698 rex
1014 1625 1245 1698 missa
1314 1625 1723 1721 legatione,
1803 1623 2008 1698 iubet
2085 1623 2221 1697 sibi
2294 1624 2685 1720 perfugam

510 1726 760 1820 reddi,
815 1749 904 1798 ea
955 1724 1369 1798 conditione
1423 1723 1796 1820 mandata,
1850 1723 1914 1798 si
1966 1725 2158 1798 dicto
2195 1723 2502 1795 audiens
2547 1723 2684 1796 sibi

396 1879 414 1905 t
510 1850 660 1901 non
690 1824 975 1921 fuisset,
1029 1825 1250 1898 sciret
1294 1848 1375 1897 se
1406 1822 1604 1896 bello
1637 1825 2106 1897 Wasconiam
2152 1824 2685 1918 ingressurum,

509 1949 749 2024 neque
800 1925 970 1998 inde
1024 1926 1229 2023 prius
1274 1924 1805 2021 digressurum,
1858 1950 2078 2022 quam
2137 1922 2333 1996 illius
2385 1923 2685 1997 inoboe-

511 2026 831 2100 dientiae
883 2024 1108 2096 finem
1161 2024 1570 2122 inponeret.
1692 2024 1940 2122 Lupus
1993 2023 2213 2096 minis
2264 2021 2466 2118 regis
2518 2048 2685 2121 per-

510 2125 848 2221 territuS,
926 2124 1348 2197 Hunoldum
1418 2134 1493 2197 et
1565 2148 1872 2197 uxorem
1936 2125 2096 2198 eius
2163 2124 2322 2196 sine
2394 2136 2684 2197 cuncta-

508 2228 709 2302 tione
762 2223 1117 2321 reddidit,
1198 2248 1280 2298 se
1332 2247 1623 2320 quoque
1677 2247 2181 2321 quaecumque
2235 2222 2685 2319 imperaren-

512 2339 631 2401 tur
682 2327 1049 2398 facturum
1103 2323 1518 2422 spopondit.
1598 2325 1694 2397 At
1744 2348 1898 2421 reX,
1955 2325 2190 2396 donec
2226 2322 2454 2417 legati
2498 2349 2684 2422 quos

511 2428 817 2500 miserat
896 2434 1488 2519 reverterentur,
1576 2425 1961 2499 castellum
2029 2423 2401 2522 quoddam
2483 2426 2687 2498 iuxta

508 2522 1007 2600 Dornoniam³
1078 2524 1389 2597 fluvium
1439 2524 1799 2599 vocabulo
1852 2520 2370 2598 Fronciacum4
2435 2522 2685 2598 aedifi-

509 2637 663 2701 cat.-
732 2623 1084 2699 Reversis
1134 2625 1358 2721 igitur
1408 2624 1702 2722 legatiS,
1755 2625 2060 2699 reducto
2095 2626 2434 2722 perfuga,
2488 2626 2685 2698 aedi-

509 2726 723 2799 ficato
790 2724 1140 2819 castello,
1209 2725 1283 2795 in
1337 2748 1655 2819 regnum
1711 2748 1927 2797 suum
1980 2724 2438 2820 regreditur3
2492 2727 2683 2798 cele-

508 2826 892 2922 bravitque
934 2824 1258 2896 natalem
1294 2824 1586 2896 Domini
1638 2824 1712 2895 in
1766 2825 1938 2896 villa
1977 2822 2228 2917 Duria,
2284 2834 2358 2895 et
2409 2826 2685 2922 pascha

509 2926 707 3025 apud
760 2935 1099 2997 sanctum
1153 2921 1637 2997 Lantbertum
1708 2923 1783 2996 in
1837 2924 1996 2996 vico
2049 2922 2436 2995 Leodic'of’.

568 3053 573 3062 ‘
659 3025 828 3098 770.
893 3024 1225 3097 Domnus
1262 3024 1531 3097 Karlus
1569 3049 1700 3097 rex
1731 3023 1986 3096 habuit
2039 3024 2290 3121 populi
2346 3024 2456 3096 sui
2513 3048 2684 3098 con-

508 3135 813 3198 ventum
846 3124 1273 3220 generalem
1305 3123 1378 3195 in
1417 3125 1836 3198 Wormacia
1872 3123 2184 3197 civitate.
2272 3122 2683 3196 Berthrada

509 3250 729 3322 vero,
781 3237 1022 3297 mater
1074 3247 1376 3321 regum,
1432 3249 1598 3298 cum
1631 3226 2131 3298 Karlomanno
2188 3223 2474 3295 minore
2526 3224 2678 3297 filio

507 3324 703 3424 apud
751 3321 1164 3397 Salusiam⁶
1219 3325 1485 3422 locuta,
1541 3326 1741 3423 pacis
1794 3348 2014 3399 causa
2066 3322 2140 3394 in
2173 3322 2458 3394 Italiam
2510 3348 2681 3421 pro-

510 3474 559 3547 1)
617 3476 734 3530 eius
787 3475 920 3530 situs
977 3475 1281 3545 ignoratur;
1334 3474 1473 3530 ultra
1510 3474 1762 3530 Rhenum
1817 3476 1875 3529 in
1911 3493 2081 3545 regno
2118 3471 2472 3544 Karlomanni
2511 3476 2681 3532 fuisse

505 3549 749 3613 videtur,
789 3565 899 3602 non
935 3564 1065 3604 vero
1104 3549 1163 3602 in
1199 3545 1536 3605 Pictonibus,
1681 3547 1735 3620 2)
1773 3546 2132 3619 Angouleme.
2277 3547 2329 3619 3)
2368 3547 2681 3621 Dordogne.

509 3620 561 3692 4)
599 3620 856 3675 Fronsac.
1039 3618 1090 3690 5)
1141 3618 1377 3675 Liittich.
1564 3616 1616 3686 6)
1673 3617 1818 3675 Seltz
1859 3622 1915 3674 in
1951 3618 2185 3684 Alsatia3
2239 3622 2481 3706 quamvis
2533 3624 2678 3677 enim

509 3692 856 3766 Schopssinus
894 3694 950 3747 in
988 3692 1229 3748 Alsatiae
1267 3694 1459 3747 illustr.
1497 3691 1562 3747 T.
1600 3691 1645 3759 1,
1683 3712 1735 3766 p.
1768 3697 1892 3760 706,
1924 3698 2049 3753 707.
2091 3692 2364 3748 Valesium
2405 3695 2497 3767 qui
2537 3694 2681 3750 idem

504 3768 736 3838 censuit,
775 3766 915 3822 male
952 3765 1180 3832 habeat,
1240 3773 1293 3820 et
1329 3766 1507 3819 locum
1549 3768 1815 3839 quendam
1852 3767 1976 3838 pagi
2013 3764 2427 3834 wormatiensis
2466 3766 2532 3820 ad
2567 3769 2682 3820 ssu-

508 3856 633 3893 men
670 3837 940 3892 Salusium
978 3856 1149 3910 prope
1184 3836 1483 3908 Ingelheim
1525 3839 1814 3912 intelligat,
1854 3839 1999 3912 quod
2034 3837 2305 3904 Karolm,
2343 3839 2679 3894 wormatiae

508 3919 775 3965 conventu
815 3911 1113 3977 celebratO,
1164 3928 1274 3966 non
1325 3910 1381 3963 in
1416 3908 1680 3966 Alsatiam
1717 3930 1888 3985 usque
1927 3911 2233 3965 ascendisse
2280 3912 2453 3965 videri
2488 3911 2678 3981 possit,

506 3983 686 4037 locum
724 3993 903 4038 tamen
940 4002 1051 4038 non
1089 3983 1228 4038 infra
1266 3982 1620 4041 Wormatiam
1660 3995 1713 4040 et
1748 3986 1803 4039 in
1831 4002 1999 4056 regno
2035 3981 2244 4048 Karon,
2282 3983 2377 4038 sed
2414 3984 2469 4035 in
2507 4000 2677 4052 regno

508 4056 892 4121 Karlomanni,
939 4055 1008 4108 ad
1058 4057 1203 4127 quod
1252 4052 1457 4111 Alsatia
1492 4059 1827 4130 pertinebat,
1877 4055 2243 4128 quaerendum
2281 4072 2431 4120 esse,
2486 4071 2676 4110 omnes

508 4128 875 4194 consentiant,
923 4128 1018 4199 qui
1057 4130 1274 4184 annales
1312 4140 1526 4186 nostros
1581 4131 1722 4188 bene
1760 4130 2118 4204 inspexerint;
2175 4145 2296 4181 nam
2335 4126 2424 4181 hic
2461 4144 2572 4184 nou
2608 4128 2677 4184 de
