3027 4904
547 375 647 449 46
1169 369 1622 444 EINHARDI
1682 366 2129 475 ANNALES·

548 554 907 629 cillimum
958 561 1153 647 erat,
1224 551 1421 648 quod
1472 549 1714 649 primo
1768 550 2195 623 inchoatum
2246 559 2405 645 est,
2467 549 2564 623 de
2610 549 2721 623 in-

547 653 1002 750 vestigandis
1052 650 1397 724 videlicet
1431 670 1628 748 quae.
1669 649 1998 748 pontifici
2044 647 2551 722 obiciebantur
2584 652 2721 723 cri-

547 755 888 828 minibus.
972 751 1133 842 ‘Qui
1185 762 1478 848 tamen,
1543 762 1943 849 postquam
1983 750 2259 822 ¹nullus
2315 752 2723 824 eorundem

549 849 1342 950 criminumprobator
1392 874 1561 924 esse
1592 850 1849 946 voluit,
1901 872 2155 922 coram
2191 850 2393 922 omni
2448 851 2723 949 populo

546 955 624 1028 in
678 954 980 1028 basilica
1047 949 1245 1025 beati
1315 950 1511 1024 Petri
1576 949 1895 1048 apostoli
1948 950 2421 1045 euangelium
2472 953 2723 1024 ferens

550 1054 955 1128 ambonem
1016 1050 1487 1145 conscendit,
1559 1050 2048 1148 invocatoque
2083 1061 2413 1137 :sanctae
2489 1049 2725 1123 Trini-

546 1154 747 1229 tatis·
786 1151 1295 1245 nominesfde
1369 1150 1678 1224 obiectis
1759 1155 1843 1223 s'e
1914 1149 2342 1224 cviminibus
2408 1149 2721 1222 iurando

546 1254 912 1354 purgavit.
990 1248 1315 1323 'Eadem
1390 1250 1510 1323 die
1584 1249 1979 1323 Zacharias
2045 1249 2425 1348 *presbiter
2502 1266 2723 1345 quem

548 1378 681 1427 rex
731 1349 1306 1425 Hierosolimam
1360 1350 1711 1444 miserat,
1755 1354 1967 1422 ‘cum‘
1997 1348 2287 1423 duobus
2338 1351 2721 1422 monachis

550 1478 734 1552 quos
785 1450 1205 1551 patriarcha
1268 1473 1437 1525 cum
1501 1474 1602 1523 eo-
1645 1448 1754 1521 adt
1790 1468 2050 1544 regem
2100 1449 2343 1543 misit,
2409 1449 2722 1521 Romam

547 1553 796 1646 venit,
869 1551 991 1648 qui
1044 1548 1867 1644 benedictionis-gratia
1921 1550 2168 1622 claves
2219 1549 2539 1646 sepulcri
2595 1550 2722 1622 do-

547 1653 798 1726 minici
873 1674 960 1723 ac
1034 1650 1209 1723 loci*
1254 1648 1620 1721 calvariae
1669 1656 1861 1721 'cum
1935 1648 2211 1721 vexillo
2280 1650 2720 1722 detulerunt.

551 1755 763 1842 Quos¹
808 1775 961 1823 rex
993 1748 1315 1844 benigne
1349 1759 1691 1846 receptos
1725 1773 1880 1846 per.
1911 1748 2189 1845 aliquot
2244 1749 2403 1822 dies
2458 1772 2719 1823 secum

549 1849 906 1946 detinuit,
976 1860 1051 1922 et
1102 1848 1352 1921 redire
1419 1850 1759 1922 volentes
1813 1858 2328 1921 remuneratos
2381 1848 2720 1922 absolvit.

692 1950 866 2024 801.
936 1950 1106 2045 Ipse
1150 1954 1434 2021 'autem
1507 1972 1675 2021 cum
1729 1948 1847 2020 die
1902 1949 2401 2021 sacratissima
2453 1948 2719 2021 natalis

548 2050 842 2123 Domini
915 2048 1010 2120 ad
1074 2047 1472 2121 missarum
1510 2047 1903 2122 &solemnia
1966 2048 2407 2120 celebranda
2474 2047 2719 2121 basili-

548 2174 712 2223 cam
765 2148 960 2222 beati
1014 2146 1205 2220 Petri
1276 2147 1593 2244 apostoli
1663 2147 1929 2220 fuisset
1976 2148 2397 2244 ingressus,
2477 2158 2553 2221 et
2603 2172 2719 2219 co-

547 2274 709 2323 ram
768 2247 1021 2341 altari,
1091 2243 1217 2317 ubi
1288 2246 1383 2318 ad
1434 2246 1850 2340 orationem
1903 2270 1983 2319 se
2036 2247 2538 2341 inclinaverat,
2592 2246 2717 2317 ad-

547 2350 891 2444 sisteret,
946 2345 1136 2417 *Leo'
1181 2369 1379 2444 papa>
1419 2352 1794 2419 'coronam
1857 2347 2075 2445 capiti
2139 2347 2300 2419 eius
2366 2346 2717 2442 inposuit,

547 2461 811 2526 cuncto
885 2446 1411 2524 Romanorum3
1471 2448 1760 2545 populo
1836 2446 2336 2520 adclamante:
2439 2445 2718 2518 Karolo

544 2548 887 2645 Auyusto,
941 2569 992 2617 a
1027 2545 1180 2617 Deo
1233 2552 1592 2618 coronato.
1617 2551 1903 2641 ima-qno
1945 2553 2017 2619 et
2057 2550 2358 2640 pacifico
2410 2548 2719 2639 impera-

546 2651 689 2722 tori
721 2648 1240 2739 Romanorum,
1280 2647 1442 2717 'vita
1493 2652 1567 2718 et
1607 2648 1961 2719 victoria!
2013 2647 2189 2719 Post
2239 2671 2423 2744 quas
2459 2646 2719 2721 laudes

547 2749 639 2822 ab
696 2745 997 2820 eodem·
1057 2743 1404 2842 pontifice
1487 2770 1700 2819 more
1767 2746 2239 2842 antiq-uorum
2300 2745 2717 2842 principum

547 2848 897 2921 adoratus
958 2854 1145 2939 est,
1199 2867 1284 2916 ao
1334 2844 1642 2943 deinde,
1714 2845 1991 2918 omisso
2047 2844 2336 2917 Patricii
2389 2845 2714 2940 nomine,

544 2950 960 3046 Imperator
1034 2952 1111 3016 et
1171 2945 1552 3040 Augustus
1637 2946 2069 3044 appellatus.
2198 2947 2374 3018 Post
2439 2968 2716 3042 paucos

544 3047 724 3121 vero
759 3045 942 3140 dies,
995 3042 1294 3117 iubente
1346 3045 1536 3142 ipsu,
1587 3045 1690 3116 hii
1741 3044 1860 3141 qui
1915 3044 2235 3117 eundem
2286 3043 2715 3146 pontificem

545 3171 738 3221 anno
804 3142 1184 3242 superiore
1238 3142 1785 3242 deposuerunt,
1859 3143 1935 3218 in
1971 3143 2344 3217 ‘iudicium
2394 3143 2711 3237 adducti,

543 3260 621 3321 et
672 3244 921 3319 habita
971 3241 1064 3314 de
1117 3243 1223 3316 eis
1278 3244 1746 3341 quaestione,
1811 3244 2220 3317 secundum
2273 3246 2520 3336 legem
2569 3242 2713 3312 Ro-

544 3368 884 3438 manam,
953 3352 1037 3414 ut
1098 3342 1509 3416 maiestatis
1573 3343 1724 3435 rei,
1800 3343 2058 3439 capitis
2127 3340 2456 3413 damnati
2519 3351 2710 3414 sunt.

543 3447 686 3521 Pro
764 3442 1029 3542 quibus
1076 3443 1327 3516 tamen
1379 3465 1573 3541 papa
1646 3443 1769 3539 pio
1825 3442 2114 3538 affectu⁵
2146 3439 2340 3538 apud
2395 3439 2713 3538 impera-

541 3559 785 3621 torem
836 3542 1297 3636 intercessit,
1364 3566 1538 3613 nam
1592 3554 1666 3613 et
1716 3543 1865 3612 vita
1918 3551 2004 3612 et.
2044 3540 2554 3616 membrorum
2606 3542 2714 3612 in-

543 3647 854 3743 tegritas
888 3673 903 3702 :
933 3641 1039 3715 eis
1108 3663 1461 3713 concessa
1527 3649 1677 3735 est,
1756 3645 2085 3714 ceterum
2137 3665 2301 3737 pro
2364 3640 2713 3716 facinoris

542 3741 1051 3842 magnitudine
1104 3739 1319 3813 exilio
1379 3739 1986 3839 deportatifsunt.
2069 3739 2322 3814 Huius
2375 3737 2711 3814 factionis

542 3848 757 3923 fuere.
801 3835 2197 3943 principesPaschalis,nomenclator1
2237 3851 2344 3914 ret
2397 3840 2711 3935 Campu-

541 3949 659 4021 lus
713 3937 1257 4042 saccellarius2,
1330 3940 1665 4020 etmulti
1722 3939 1844 4013 alii
1897 3941 2277 4039 Romanae
2328 3936 2531 4010 urbis
2563 3937 2711 4038 ⁴ha-

547 4097 596 4170 1)
635 4097 1011 4152 nomenclator
1046 4096 1103 4149 in
1140 4093 1583 4167 processionibus
1610 4055 1919 4172 pontificem
1959 4113 2100 4169 equo
2136 4090 2467 4164 sequebatur
2501 4097 2556 4143 et
2592 4088 2711 4144 eius

544 4172 697 4231 iussu
734 4169 987 4226 convivas
1025 4169 1094 4222 ad
1132 4184 1372 4223 mensam
1409 4169 1658 4241 papalem
1694 4168 1934 4226 vocabat.
2082 4165 2138 4236 2)
2173 4163 2293 4217 fisci
2330 4169 2529 4216 custos.
