3027 4904
556 355 653 428 36
736 370 741 373 “
1178 352 1656 427 EINHARDL
1684 353 2115 428 ANNALES

559 536 863 610 vitatem
913 533 1340 610 intentionis
1402 559 1584 610 suae
1635 535 2039 609 defendere
2093 536 2392 611 curavit.
2496 537 2734 614 Huius

460 658 465 661 ·
562 636 669 708 rei
721 659 943 708 causa
997 636 1271 729 ductus
1310 637 1403 708 ad
1436 636 1816 734 *palatium
1865 636 2068 731 regis
2108 676 2191 692 -
2237 661 2410 710 nam
2463 638 2738 712 istunc

560 736 754 832 apud
808 734 1200 831 Reginum,
1251 735 1631 809 Baioariae
1682 735 2079 832 civitatem,
2132 734 2207 808 in
2262 761 2406 834 qua
2454 737 2731 810 hiema-

561 847 810 930 verat,
880 834 1255 908 residebat
1337 877 1434 890 —-·
1511 833 1640 906 ubi
1710 846 2161 930 congregato
2216 838 2735 936 episcoporum

564 933 869 1008 concilio
909 934 1202 1009 auditus
1255 947 1394 1032 est,
1448 945 1526 1007 et
1577 958 1872 1009 errasse
1924 934 2323 1033 convictus,
2377 938 2471 1009 ad
2523 961 2735 1036 praet-

563 1034 875 1109 sentiam
963 1035 1312 1108 Hadriani
1388 1033 1760 1132 pontificis
1836 1034 2151 1107 Romam
2228 1037 2541 1134 missuS,
2636 1037 2736 1110 ibi

562 1135 786 1206 etiam
851 1158 1098 1206 coram
1167 1134 1330 1234 ipso
1400 1137 1476 1207 in
1543 1134 1845 1208 basilica
1909 1134 2103 1208 beati
2154 1134 2351 1209 Petri
2418 1135 2737 1235 apostoli

560 1235 952 1306 haeresem
1038 1258 1253 1306 suam
1334 1234 1709 1308 damnavit
1778 1245 1996 1330 atque
2066 1233 2447 1310 abdicavit.
2547 1237 2736 1326 ‘Quo

562 1335 784 1428 fact0,
839 1334 931 1405 ad
986 1333 1358 1406 civitatem
1412 1358 1627 1407 suam
1676 1356 2023 1407 reversus
2078 1345 2214 1408 est.
2319 1336 2530 1430 Rege>
2554 1360 2734 1408 vero

563 1433 834 1504 ibidem
908 1444 1269 1505 aestatem
1346 1445 1652 1528 agente,
1733 1434 1928 1506 facta
2004 1445 2120 1508 est
2198 1445 2460 1509 contra
2528 1435 2735 1508 illum

563 1530 965 1605 coniuratio
1022 1556 1064 1604 a
1115 1531 1267 1604 filio
1322 1557 1456 1605 suo
1511 1532 1837 1627 maiore,
1915 1533 2214 1606 nomine
2266 1534 2609 1638 pippino,
2663 1546 2738 1608 et

564 1630 1000 1728 quibusdam
1063 1631 1401 1728 Francis,
1471 1632 1594 1729 qui
1647 1656 1730 1705 se
1782 1633 2287 1706 crudelitatem
2340 1635 2736 1707 Fastradae

561 1729 864 1824 reginae
918 1733 1115 1802 ferre
1169 1754 1316 1802 non
1370 1754 1593 1829 posse
1648 1730 2227 1830 adseverabant,
2294 1745 2513 1831 atque
2566 1734 2733 1806 ideo

563 1830 635 1900 in
668 1853 925 1901 necem
981 1829 1178 1924 regis
1234 1830 1859 1927 conspiraverant.
1941 1832 2149 1921 Quae
2193 1856 2360 1906 cum
2394 1857 2530 1932 per
2561 1835 2733 1907 Far-

560 1929 846 2000 dulfum
896 1927 1463 2024 Langobardum
1520 1929 1811 2003 detecta
1863 1930 2166 2027 fuisset,
2221 1932 2380 2030 ipse
2434 1931 2526 2006 ob
2582 1957 2735 2006 me-

560 2029 785 2100 ritum
835 2026 1005 2100 fidei
1057 2039 1396 2101 servatae
1448 2028 1904 2102 monasterio
1960 2031 2193 2104 sancti
2242 2030 2553 2105 Dionisii
2606 2034 2735 2105 do-

561 2138 777 2200 natus
833 2138 967 2220 est,
1022 2137 1362 2199 auctores
1414 2151 1593 2202 vero
1642 2128 2168 2204 coniurationis
2222 2143 2301 2205 ut
2351 2132 2460 2205 rei
2510 2132 2737 2206 maie-

561 2226 774 2299 statis
806 2227 1077 2322 partim,
1106 2226 1352 2322 gladio
1401 2229 1621 2321 caesi,
1673 2227 1945 2324 partim
1978 2228 2324 2325 patibulis
2368 2232 2735 2328 suspensi,

561 2325 654 2396 ob
708 2326 1149 2399 meditatum
1202 2327 1444 2399 scelus
1497 2326 1624 2399 tali
1675 2335 1919 2398 morte
1957 2328 2251 2400 multati
2304 2340 2517 2402 sunt:
2581 2331 2736 2402 Rex

562 2436 809 2498 autem
897 2436 1202 2525 propter
1282 2424 1559 2498 bellum
1628 2450 1796 2500 cum
1862 2427 2095 2501 Hunis
2162 2441 2589 2527 susceptum
2659 2430 2732 2504 in

563 2525 898 2598 Baioaria
950 2526 1263 2620 sedens,
1318 2538 1624 2623 pontem
1679 2528 2048 2625 navalem,
2103 2554 2243 2625 quo
2296 2529 2373 2601 in
2400 2529 2735 2603 Danubio

565 2624 652 2695 ad
707 2624 781 2696 id
838 2624 1120 2696 bellum
1171 2637 1541 2721 uteretur,
1610 2625 2057 2724 aedificavit,
2113 2629 2356 2726 ibique
2411 2631 2736 2706 natalem

558 2724 849 2795 Domini
921 2737 993 2797 et
1046 2734 1383 2796 sanctum
1437 2726 1710 2821 pascha
1765 2727 2184 2798 celebravit.

712 2822 878 2912 793.
949 2824 1132 2894 Cum
1186 2846 1316 2894 rex
1370 2823 1649 2894 bellum
1703 2849 1747 2894 a
1800 2847 1881 2896 se
1915 2824 2337 2898 inchoatum
2371 2823 2734 2898 conficere

562 2932 892 3017 cuperet,
961 2931 1034 2993 et
1084 2921 1539 2994 Pannoniam
1590 2921 1860 2995 iterum
1913 2937 2169 3022 petere
2224 2924 2734 3022 disposuisset,

561 3021 867 3112 allatum
942 3031 1089 3116 est,
1168 3021 1416 3119 copias
1482 3046 1665 3118 quas
1732 3024 2229 3098 Theodericus
2300 3048 2736 3123 comes‘per

560 3119 864 3210 Frisiam
919 3120 1270 3215 ducebat,
1323 3122 1394 3193 in
1449 3146 1644 3218 pago
1698 3121 2064 3197 Hriustri¹
2117 3125 2317 3197 iuxta
2358 3125 2730 3198 Wisuram

562 3216 869 3292 fluvium
905 3245 946 3291 a
987 3221 1399 3294 Saxonibus
1453 3245 1619 3294 esse
1661 3221 2109 3322 interceptas
2155 3236 2371 3319 atque
2425 3223 2729 3294 deletaS.

560 3317 784 3390 Cuius
866 3318 972 3388 rei
1051 3321 1304 3391 nuntio
1391 3331 1731 3417 acceptO,
1816 3323 2397 3416 magnitudinem
2477 3319 2729 3392 damni

560 3416 1058 3510 dissimulanS,
1114 3419 1253 3490 iter
1306 3419 1379 3489 in
1413 3419 1863 3489 Pannoniam
1917 3418 2333 3494 intermisit.
2419 3418 2510 3494 Et
2565 3444 2731 3492 cum

561 3514 629 3586 ei
680 3538 1117 3611 persuasum
1173 3528 1372 3590 esset
1423 3541 1463 3587 a
1518 3516 1995 3615 quibusdam,
2050 3518 2171 3616 qui
2225 3518 2298 3591 id
2352 3517 2494 3592 sibi
2530 3543 2728 3592 com-

558 3627 853 3710 pertum
924 3637 1090 3687 esse
1155 3614 1525 3712 dicebant,
1607 3616 1803 3713 quod
1866 3617 1926 3689 si
1994 3618 2184 3691 inter
2248 3613 2730 3698 Radantiam²

561 3726 635 3787 et
695 3712 1186 3802 Alemonam3
1267 3713 1534 3788 fluvios
1602 3715 1966 3790 eiusmodi
2033 3721 2236 3792 fossa
2311 3719 2728 3814 duceretur,

560 3837 747 3909 quae
832 3826 1033 3889 esset
1096 3814 1395 3900 navium
1463 3839 1728 3912 capax,
1802 3841 2025 3914 posse
2094 3817 2616 3916 percommode
2686 3842 2730 3889 a

560 3913 889 3985 Danubio
946 3914 1018 3985 in
1072 3915 1410 3986 Rhenum
1465 3914 1839 4012 navigari,
1912 3918 2081 4014 quia
2149 3919 2417 3989 horum
2467 3915 2728 3987 fluvio-

561 4065 607 4132 1)
636 4064 1010 4136 ‘Rusti-ingen,
1070 4068 1126 4119 in
1178 4067 1394 4132 sinistra
1431 4066 1680 4122 Wiserae
1731 4086 1878 4123 mare
1917 4068 2191 4123 influentis
2238 4068 2372 4138 ripa.
2553 4067 2605 4140 2)
2646 4070 2731 4123 die

555 4139 787 4192 Rednilz.
936 4138 988 4207 3)
1026 4140 1112 4192 die
1147 4138 1380 4195 Altmic'ltl.
