3027 4904
536 328 635 406 78
1135 328 1588 402 EINHARDI
1639 327 2071 401 ANNALES
2144 381 2148 383 -

538 533 672 584 suo
756 508 1078 606 equestri
1158 533 1407 608 pugna
1474 507 1880 604 confligere
1948 517 2294 605 conatuS,
2373 507 2713 581 vincitur.

537 611 867 706 Cumque
909 620 989 681 ut
1028 632 1199 682 reus
1225 609 1635 682 maiestatis
1671 606 1963 706 capitali
2010 606 2375 680 sententia
2413 607 2716 681 damna-

536 718 780 804 retur,
844 732 1147 805 parsum
1214 720 1331 782 est
1390 709 1458 780 ei
1511 706 2017 781 misericordia
2066 706 2577 804 imperatoris,
2641 719 2718 782 et

534 809 1031 903 Ratumagum
1071 807 1289 880 exilio
1337 809 1764 905 deportatus
1795 816 1929 879 est.
2015 807 2412 880 Transacta
2441 807 2714 904 hieme,

534 917 618 979 ut
669 907 988 1005 primum
1024 907 1255 979 herba
1289 909 1644 1004 pabulum
1680 905 2028 979 iumentis
2058 905 2420 1002 praebere
2450 908 2714 1006 potuit,

533 1017 687 1079 tres
766 1006 871 1078 illi
948 1007 1313 1079 exercitus
1407 1019 1663 1080 contra
1738 1006 2221 1078 Liudewitum
2307 1006 2712 1080 mittuntur.

537 1107 868 1194 Quorum
936 1131 1127 1179 unus
1194 1106 1289 1179 de
1352 1106 1564 1179 Italia
1629 1129 1764 1202 per
1828 1106 2056 1203 Alpes
2109 1105 2452 1202 Noricas,
2524 1107 2713 1179 alter

532 1228 668 1304 per
721 1208 1306 1281 carantanorum
1357 1205 1854 1301 provinciam,
1935 1205 2205 1278 tercius
2273 1227 2408 1303 per
2456 1205 2711 1279 Baioa-

534 1304 724 1376 riam
802 1315 879 1377 et
945 1305 1399 1377 Pannoniam
1482 1308 1945 1403 superiorem
2011 1303 2348 1377 intravit:
2427 1314 2503 1377 et
2567 1306 2710 1378 duo

537 1403 879 1500 quidem,
933 1405 1007 1477 id
1061 1415 1175 1477 est
1226 1404 1482 1477 dexter
1535 1429 1619 1477 ac
1670 1402 2007 1499 sinister,
2060 1403 2341 1478 tardius
2394 1404 2711 1499 ingressi

537 1515 752 1599 sunt,
845 1526 932 1575 eo
1012 1503 1209 1599 quod
1286 1527 1476 1576 unus
1554 1504 1850 1601 Alpium
1926 1502 2282 1598 transitu,
2384 1503 2710 1578 hostium

533 1626 759 1674 manu
811 1601 1230 1699 resistente,
1280 1603 1837 1700 prohibebatur,
1892 1602 2081 1674 alter
2132 1614 2206 1675 et
2255 1602 2714 1698 longitudine

534 1700 814 1775 itineris
887 1715 962 1775 et
1023 1702 1268 1775 Dravo
1352 1701 1656 1775 flumine
1724 1701 1920 1799 quod
1987 1700 2474 1775 traiciendum
2552 1713 2713 1775 erat

535 1800 1087 1899 inpediebatur,
1163 1800 1454 1875 medius
1523 1814 1814 1898 autem,
1885 1801 2009 1898 qui
2075 1824 2211 1899 per
2262 1803 2709 1876 Carantanos

536 1899 895 1998 intrabat,
953 1925 1401 2008 quamquam
1452 1902 1527 1972 in
1580 1901 1812 1974 tribus
1867 1901 2049 1973 locis
2102 1901 2169 1973 ei
2211 1901 2708 1997 resisteretur,

535 1999 863 2073 feliciore
930 2025 1108 2074 usus
1161 2003 1497 2096 fortuna,
1574 2012 1689 2074 ter
1739 2002 1956 2073 hoste
2010 2011 2394 2098 superato,
2462 2000 2709 2074 Dravo

536 2099 761 2171 etiam
814 2101 1292 2197 transmisso,
1368 2100 1683 2173 celerius
1754 2101 1846 2173 ad
1901 2100 2267 2172 destinata
2331 2101 2495 2171 loca
2543 2123 2710 2197 per-

534 2200 755 2272 venit.
861 2201 1131 2273 Contra
1184 2202 1368 2273 haec
1420 2198 1864 2273 Liudewitus
1918 2200 2098 2272 nihil
2153 2198 2495 2295 molituS,
2549 2223 2708 2270 mu-

535 2297 813 2371 nitione
886 2309 1170 2372 tantum
1224 2299 1505 2379 castelli
1561 2300 1755 2397 quod
1821 2299 1893 2371 in
1949 2299 2180 2372 arduo
2233 2309 2486 2371 monte
2538 2321 2708 2371 con-

537 2407 945 2496 struxerat,
1026 2423 1108 2473 se
1177 2423 1498 2497 suosque
1568 2398 1954 2497 continuit,
2031 2411 2107 2473 et
2156 2422 2297 2473 nec
2345 2397 2519 2472 belli
2572 2421 2710 2472 nec

533 2497 739 2596 pacis
807 2501 928 2571 vel
995 2524 1129 2597 per
1198 2499 1683 2596 semetipsum
1753 2500 1873 2571 vel
1940 2522 2074 2596 per
2133 2500 2423 2595 legatos
2474 2498 2707 2570 ullum

537 2621 706 2669 cum
760 2597 867 2670 eis
901 2621 1325 2672 sermonem
1378 2598 1725 2672 habuisse
1762 2598 2041 2672 dicitur.
2119 2597 2497 2671 Exercitus
2527 2622 2708 2671 vero

532 2708 930 2794 postquam
979 2697 1054 2769 in
1108 2723 1336 2771 unum
1368 2710 1896 2793 convenerunt,
1948 2709 2182 2770 totam
2222 2718 2414 2795 pene
2466 2697 2708 2792 regio-

535 2817 709 2867 nem
780 2797 979 2867 ferro
1051 2807 1127 2868 et
1195 2797 1348 2893 igni
1411 2798 1923 2892 devastanteS,
1999 2794 2197 2868 haud
2278 2795 2431 2866 ullo
2496 2795 2707 2890 gravi

535 2893 803 2966 damno
872 2908 1216 2994 accepto,
1287 2897 1591 2970 domum
1663 2896 1942 2971 reversi
1997 2905 2189 2969 sunt.
2307 2893 2379 2966 Is
2428 2903 2704 2988 tamen,

536 2992 660 3089 qui
726 3017 860 3091 per
938 2997 1393 3068 Pannoniam
1474 2998 1935 3093 superiorem
2021 2995 2163 3069 iter
2230 2996 2551 3089 fecerat,
2630 2993 2704 3066 in

531 3094 847 3165 transitu
898 3093 1122 3166 Dravi
1166 3095 1490 3170 fluminis
1544 3120 1633 3168 ex
1684 3097 2015 3168 locorum
2072 3107 2148 3168 et
2199 3116 2556 3191 aquarum
2599 3093 2705 3164 in-

533 3190 961 3265 salubritate
1027 3195 1249 3269 soluti
1313 3195 1591 3269 ventris
1662 3194 2131 3267 incommodo
2201 3192 2528 3288 graviter
2578 3191 2705 3261 ad-

533 3292 772 3363 fectus
838 3302 985 3389 est,
1064 3305 1140 3367 et
1206 3319 1380 3394 pars
1445 3296 1603 3367 eius
1673 3318 1821 3364 non
1890 3291 2184 3365 modica
2250 3292 2391 3360 hoc
2441 3289 2702 3363 morbo

532 3404 970 3487 consumpta
1032 3405 1168 3467 est.
1281 3394 1398 3465 Hii
1466 3404 1621 3465 tres
1691 3390 2058 3463 exercitus
2110 3387 2204 3458 de
2258 3386 2576 3460 Saxonia
2628 3399 2705 3461 et

535 3487 873 3563 orientali
940 3491 1247 3564 Francia
1312 3503 1385 3564 et
1452 3488 1929 3585 Alamannia,
2000 3486 2338 3558 Baioaria
2410 3510 2701 3583 quoque

533 3599 750 3685 atque
819 3589 1032 3660 Italia
1099 3587 1531 3685 congregati
1597 3599 1788 3662 sunt.
1895 3586 2177 3676 Quibus
2232 3586 2537 3658 domum
2587 3609 2701 3657 re-

532 3688 808 3783 versiS,
882 3687 1397 3761 Carniolenses
1465 3687 1588 3785 qui
1640 3687 1832 3761 circa
1882 3688 2161 3762 Savum
2211 3683 2522 3757 fluvium
2571 3684 2700 3756 ha-

532 3786 769 3860 bitant
820 3796 896 3859 et
943 3786 1569 3861 Foroiuliensibus
1620 3811 1858 3887 paene
1912 3784 2237 3881 contigui
2291 3796 2485 3881 sunt,
2535 3781 2700 3855 Bal·
2807 3807 2814 3814 ·

534 3884 732 3957 drico
804 3909 886 3959 se
942 3887 1418 3982 dediderunt3
1488 3887 1688 3960 idem
1742 3897 1815 3960 et
1864 3912 2036 3983 pars
2090 3886 2698 3978 Carantanorum,

533 4008 722 4082 quae
776 3986 870 4056 ad
922 3984 1300 4061 Liudewiti
1351 4000 1600 4085 partes
1639 4010 1683 4058 a
1734 3986 1948 4060 nobis
1985 3986 2400 4078 defecerat,
2454 3984 2700 4054 facere

535 4083 836 4156 curavit.
914 4084 1199 4160 Foedus
1252 4087 1444 4161 inter
1495 4110 1634 4160 nos
1684 4096 1761 4160 et
1793 4086 2095 4182 Abulaz,
2145 4105 2406 4178 regem
2436 4081 2698 4179 Hispa-
