3027 4904
553 314 650 397 28
1166 315 1619 390 EINHARDI
1673 315 2109 391 ANNALES

551 511 930 579 auctorem
976 497 1487 575 ,Hardradum
1565 498 1914 572 comitem
2000 497 2235 573 fuisse
2310 496 2719 575 constabat.

553 597 954 676 Sedhuius
983 597 1331 674 indicium
1385 599 1526 675 cito
1569 599 1661 670 ad
1706 622 1966 694 regem
1998 597 2326 675 delatum
2355 609 2493 695 est,
2533 596 2727 671 eius·-

553 714 698 798 que
734 697 1109 777 ,sollertia
1169 710 1322 772 tam
1404 697 1647 777 valida
1725 697 2171 796 conspiratio
2241 698 2421 771 citra
2490 698 2725 773 ullum

551 799 855 897 grande
903 799 1315 895 periculum
1383 798 1453 870 in
1525 796 1735 870 brevi*
1783 797 2238 895 conquievit,
2304 797 2725 874 auctoribus

555 901 726 975 eius-
765 898 1035 996 partim
1086 896 1499 996 privatione
1553 898 1952 994 luminum,
2027 897 2307 996 partim·
2350 897 2564 971 exilii·
2599 897 2723 970 de·-

551 999 970 1098 portatione
1023 996 1550 1080 condemnatis.
1615 1070 1633 1097 ὶ
2177 1070 2182 1073 ,
2337 1070 2340 1075 ,

698 1097 890 1173 786.¹
926 1098 1132 1177 ¹Cum
1186 1110 1260 1172 et
1307 1096 1575 1171 hiemis
1628 1106 1934 1195 tempus*
1978 1098 2378 1195 expletum,
2431 1105 2507 1168 et
2558 1119 2727 1169 san-

554 1209 754 1273 ctum
806 1198 1079 1294 pascha
1133 1197 1210 1269 in
1257 1196 1618 1272 Attiniaco
1672 1197 1848 1270 villa
1899 1197 2162 1270 fuisset
2193 1212 2256 1268 'a
2308 1219 2485 1291 rege
2538 1197 2729 1275 cele·-

553 1298 884 1392 bratum,
937 1297 1335 1371 exercitum
1392 1297 1463 1368 in
1501 1297 1988 1371 Brittanniam
2041 1296 2511 1379 cismarinam
2563 1296 2725 1373 mit·

550 1410 713 1472 tere
760 1396 1162 1473 constituit.
1266 1398 1457 1469 Nam
1510 1420 1682 1469 cum
1733 1396 1824 1468 ab
1861 1397 2119 1491 Anglis
2176 1396 2728 1470 acSaxonibus

550 1496 962 1573 Brittannia
1012 1495 1251 1571 insula
1305 1496 1569 1569 fuisset
1620 1497 1911 1593 invasa,
1983 1496 2478 1592 magna'pars
2531 1498 2728 1568 inco-

554 1598 798 1673 larum
849 1596 1006 1674 eius
1058 1618 1263 1669 mare
1318 1596 1702 1691 traiciens,
1775 1597 1846 1669 in
1901 1596 2179 1673 ultimis
2235 1595 2515 1671 Galliae
2567 1594 2728 1667 fini-

553 1697 692 1775 bus
744 1697 1207 1774 Venetorum.
1248 1707 1322 1769 et
1376 1695 1983 1771 Coriosolitarum
2022 1696 2367 1792 regiones
2419 1717 2727 1793 occupa-

552 1797 679 1876 vit.
799 1795 870 1867 Is
922 1795 1240 1893 populus
1294 1820 1336 1868 a
1387 1796 1688 1891 regibus
1740 1796 2190 1868 Francorum
2244 1794 2591 1869 subactus
2645 1816 2730 1866 ac

552 1894 984 1968 tributarius
1041 1897 1299 1991 factus,
1353 1895 1754 1993 inpositum
1805 1895 1943 1966 sibi
1986 1894 2341 1989 vectigal,
2397 1892 2569 1966 licet
2621 1893 2725 1964 in·

552 1997 790 2089 *ritus7
842 1994 1136 2068 'solvere
1197 1995 1506 2069 solebat.
1612 1996 1945 2091 Cumque
1999 2017 2087 2067 eo
2140 2005 2480 2091 tempore
2533 1991 2726 2065 dicto

554 2092 863 2167 audiens
895 2116 1042 2166 non
1087 2106 1312 2190 esset,
1342 2095 1639 2168 ‘missus
1682 2096 1856 2167 illuc
1896 2093 2148 2189 regiae
2177 2115 2479 2165 mensae
2516 2116 2727 2190 prae·

552 2193 840 2293 positus
867 2194 1258 2288 Audulfus.,
1311 2191 1639 2290 perfidae
1693 2193 1935 2287 gentis
1973 2192 2500 2270 contumatiam
2540 2191 2730 2265 mira

556 2293 934 2371 celeritate
982 2293 1487 2390 compressit,
1573 2293 1878 2391 regique
1958 2291 2150 2389 apud
2227 2291 2729 2365 Wormaciam

553 2402 630 2467 et
681 2391 978 2474 obsides
1032 2417 1216 2490 quos
1269 2403 1680 2490 acceperat,
1735 2402 1811 2467 et
1862 2392 2283 2490 complures
2332 2415 2421 2464 ex
2474 2391 2728 2491 populi

552 2492 998 2593 primoribus
1034 2492 1352 2566 adduxit.
1424 2494 1607 2591 Rex,
1638 2517 1819 2592 pace
1850 2492 2171 2590 undique
2204 2503 2437 2591 parta,
2473 2492 2731 2571 statuit

552 2596 869 2668 Roma-m
935 2592 1345 2691 proficisci,
1423 2605 1498 2666 et
1578 2605 1864 2690 partem
1942 2593 2196 2665 ltaliae
2276 2616 2464 2689 quae
2535 2614 2729 2663 nunc

552 2693 1022 2766 Beneventus
1062 2702 1367 2766 vocatur
1412 2691 1759 2787 adgredi,
1815 2692 2260 2763 conveniens
2316 2714 2484 2766 esse
2537 2690 2727 2763 arbi-

551 2802 830 2889 tratus,
908 2803 989 2864 ut
1058 2790 1257 2864 illius
1331 2791 1544 2885 regni
1622 2789 1997 2863 residuam
2059 2789 2478 2887 portionem
2548 2812 2728 2865 suae

553 2889 902 2991 potestati
952 2889 1358 2984 subiceret,
1418 2889 1623 2963 cuius
1677 2900 1898 2987 caput
1949 2890 2023 2961 in
2077 2901 2289 2985 capto
2344 2888 2727 2964 Desiderio

552 3015 761 3087 rege,
813 2990 1318 3087 maioremque
1359 3000 1650 3087 partem
1688 2990 1761 3062 in
1803 2988 2319 3084 Langobardia
2370 2990 2517 3061 iam
2557 2989 2728 3071 sub-

555 3102 731 3168 acta·
783 3089 1105 3166 tenebat.
1251 3091 1405 3165 Nec
1473 3090 1599 3164 diu
1671 3102 2042 3187 moratuS,
2124 3090 2256 3162 sed
2336 3089 2727 3172 contractis

555 3190 897 3266 celeriter
947 3190 1393 3264 Francorum
1462 3189 1732 3304 copiis,
1798 3190 1871 3262 in
1935 3190 2098 3286 ipsa
2147 3188 2488 3261 hiemalis
2541 3200 2727 3262 tem-

554 3290 756 3389 poris
809 3290 1203 3385 asperitate
1239 3291 1529 3365 Italiam
1559 3289 1990 3385 ingreditur.
2072 3289 2403 3383 Cumque
2455 3287 2528 3366 in
2564 3286 2727 3359 Flo-

555 3388 794 3464 rentia
845 3389 1254 3461 Tuscorum
1307 3389 1603 3466 civitate
1653 3390 1977 3460 natalem
2019 3385 2312 3458 Domini
2365 3385 2729 3459 celebras-

557 3500 713 3586 set.
766 3499 1039 3585 quanta
1091 3486 1327 3587 potuit
1370 3486 1757 3566 ⁴celeritate
1800 3488 2113 3560 Romam
2165 3485 2273 3558 ire
2327 3485 2725 3565 contendit.

556 3591 721 3680 Quo
775 3612 944 3661 cum
995 3587 1346 3683 venisset,
1402 3612 1487 3660 ac
1539 3586 1631 3658 de
1683 3585 2140 3685 profectione
2193 3608 2325 3660 sua
2378 3585 2452 3657 in
2494 3586 2728 3659 Bene·

555 3699 862 3766 ventum
937 3698 1089 3764 tam
1176 3711 1344 3759 cum
1382 3685 1784 3760 Hadriano
1856 3684 2202 3783 pontifice
2268 3709 2492 3782 quam
2559 3708 2728 3758 cum

557 3790 712 3863 suis
766 3786 1243 3885 optimatibus
1298 3787 1822 3879 deliberasset,
1875 3784 2257 3881 AragisuS,
2314 3784 2459 3856 dux
2497 3784 2726 3855 Bene-

556 3898 1088 3984 ventanorum,
1163 3885 1411 3960 audito
1481 3885 1639 3961 eius
1703 3886 2023 3960 adventu
2078 3896 2601 3981 compertaque
2652 3881 2727 3953 in

559 3998 834 4061 terram
890 4011 1117 4062 ,suam
1185 3987 1505 4062 intrandi
1551 3986 1974 4081 voluntate,
2050 3982 2513 4080 propositum
2566 3980 2725 4054 eius

559 4098 899 4164 avertere
931 4098 1235 4161 conatus
1275 4100 1411 4164 est.
1501 4086 1727 4168 Misso
1776 4085 1974 4166 enim
2004 4080 2395 4176 Rumold0‚
2446 4080 2727 4158 maiore
