3027 4904
978 354 985 357 ’
1092 346 1173 420 Α.
1230 346 1407 420 775.
1453 347 2438 427 776.17

265 525 557 602 Interea
625 549 797 624 pars
860 525 1224 601 exercitus
1290 550 1512 675 quam
1565 528 1659 601 ad
1711 526 2081 602 Wisuram
2136 528 2434 629 dimisit,

265 625 342 698 in
406 650 493 699 eo
574 627 738 700 loco
807 627 928 723 qui
995 624 1381 700 Hlidbeki1
1449 639 1764 702 vocatur
1825 629 2082 703 castris
2151 630 2435 730 positis,

265 724 558 800 incaute
635 750 717 798 se
797 726 1083 823 agendo
1152 727 1532 801 Saxonum
1606 726 1868 800 fraude
1938 727 2437 805 circumventa

263 835 487 924 atque
512 825 849 938 decepta
900 838 1030 900 est.
1132 829 1321 899 Nam
1373 852 1543 900 cum
1599 826 2071 927 pabulatores
2123 829 2437 903 Franco·

264 949 432 998 rum
466 924 653 999 circa
695 950 969 1000 nonam
1014 925 1159 999 diei
1189 927 1451 1000 horam
1480 939 2029 1001 reverterentur
2061 929 2134 1000 in
2167 941 2433 1027 castra,

265 1024 595 1099 Saxones
629 1025 762 1123 eis,
816 1024 1024 1123 quasi
1077 1037 1151 1100 et
1200 1026 1343 1125 ipsi
1397 1052 1654 1101 eorum
1707 1027 1884 1101 socii
1938 1040 2211 1127 essent,
2265 1052 2435 1103 sese

266 1125 758 1223 miscuerunt,
813 1149 899 1197 ac
949 1124 1056 1198 sic
1087 1125 1536 1200 Francorum
1574 1139 1812 1201 castra
1855 1127 2172 1224 ingressi
2225 1141 2435 1224 sunt3

267 1226 865 1324 dormientesque
933 1249 1018 1298 ac
1085 1226 1579 1300 semisomnos
1650 1226 1927 1321 adorti,
1999 1252 2144 1301 non
2198 1229 2436 1302 modi·

266 1350 429 1399 cam
480 1326 814 1399 incautae
866 1324 1350 1399 multitudinis
1403 1326 1705 1400 caedem
1758 1328 2024 1400 fecisse
2077 1326 2437 1402 dicuntur.

268 1425 418 1500 Sed
484 1424 949 1523 vigilantium
1037 1449 1123 1498 ac
1203 1425 1513 1500 viriliter
1585 1426 2089 1500 resistentium
2164 1428 2437 1502 virtute

267 1480 606 1625 repulsi?
623 1524 877 1600 castiis
911 1537 1409 1623 excesserunt,
1463 1535 1540 1597 et
1591 1550 1682 1598 ex
1732 1538 1945 1624 pacto
1998 1527 2194 1624 quod
2246 1527 2440 1602 inter

267 1651 396 1701 eos
468 1627 540 1701 in
610 1628 737 1700 tali
801 1624 1240 1699 necessitate
1301 1624 1462 1698 fieri
1515 1637 1843 1724 poterat,
1914 1624 2433 1700 discesserunt.

272 1726 483 1816 Quod
540 1751 708 1799 cum
760 1725 918 1821 regi
970 1725 1235 1800 fuisset
1290 1726 1660 1823 adlatum,
1717 1737 2000 1838 quanta·
2036 1725 2275 1823 potuit
2323 1751 2439 1800 ce·

268 1827 552 1901 leritate
640 1827 1081 1921 adcurrens,
1176 1825 1617 1921 fugientium
1693 1836 1906 1921 terga
1980 1826 2440 1925 insequutus,

266 1950 614 2023 magnam
675 1951 764 2000 ex
835 1924 943 1999 eis
1010 1923 1410 2024 prostravit
1476 1924 2068 2038 multitudinem3
2140 1937 2216 1999 et
2281 1939 2439 2001 tum

268 2029 571 2101 demum
639 2026 1219 2099 westfalaorum
1289 2020 1668 2098 obsidibus
1721 2023 2078 2123 acceptiS,
2143 2025 2235 2098 ad
2288 2026 2440 2101 hie·

272 2127 624 2201 mandum
677 2126 751 2198 in
802 2124 1104 2197 Francia
1155 2124 1572 2198 revertitur.

419 2228 586 2302 776.
654 2224 838 2321 Regi
892 2224 1196 2298 domum
1247 2223 1650 2298 revertenti
1703 2225 2099 2320 nuntiatur,
2153 2224 2440 2297 Hruod·

266 2326 595 2423 gaudum
647 2325 1259 2422 Langobardum,
1331 2347 1554 2422 quem
1605 2322 1765 2422 ipse
1815 2324 1870 2396 F
1875 2324 2441 2398 oroiuliensibus

268 2428 538 2501 ducem
590 2426 936 2519 dederat,
997 2426 1069 2498 in
1121 2424 1332 2499 Italia
1385 2450 1506 2501 res
1559 2448 1789 2498 novas
1844 2424 2111 2518 moliri,
2166 2435 2241 2498 et
2293 2427 2443 2498 iam

271 2528 663 2624 conplures
731 2526 824 2598 ad
902 2548 1070 2596 eum
1148 2524 1481 2599 civitates
1559 2524 1941 2599 defecisse.
2065 2524 2178 2598 Ad
2257 2549 2443 2622 quos

267 2637 516 2700 motus
570 2623 1165 2738 comprimendos
1219 2648 1385 2697 cum
1436 2624 1578 2699 sibi
1619 2624 2117 2699 festinandum
2167 2624 2441 2697 iudica-

269 2739 408 2824 let,
460 2724 1056 2801 strenuissimum
1094 2749 1463 2822 quemque
1506 2749 1809 2799 suorum
1853 2746 2107 2798 secum
2140 2724 2443 2837 ducenS,

268 2829 541 2926 laptim
622 2826 911 2900 ltaliam
992 2824 1517 2924 proficiscitur,
1594 2824 2243 2924 Hruodgaudoque
2323 2824 2445 2922 qui

272 2951 587 3022 regnum
655 2924 1074 3000 adfectabat
1136 2925 1564 3019 interfectO,
1645 2925 2054 2998 civitatibus
2126 2949 2446 3037 quoque,

276 3048 464 3137 quae
542 3025 635 3096 ad
703 3050 872 3099 eum
940 3024 1401 3120 defecerant,
1472 3022 1633 3097 sine
1698 3024 2048 3098 dilatione
2100 3024 2445 3121 receptis,

270 3138 349 3200 et
420 3123 493 3196 in
549 3122 656 3196 eis
706 3124 1155 3197 Francorum
1208 3123 1598 3198 comitibus
1669 3125 2140 3242 constitutiS,
2187 3124 2448 3197 eadem

272 3250 417 3324 qua
452 3233 757 3300 venerat
805 3223 1196 3296 velocitate
1249 3247 1593 3296 reversus
1646 3235 1781 3297 est.
1860 3225 2018 3299 Cui
2072 3222 2192 3296 vix
2221 3225 2449 3321 Alpes

273 3338 741 3421 transgresso
796 3333 1296 3419 occu1·,rerunt
1350 3323 1471 3421 qui
1525 3324 1994 3423 nunciarent,
2044 3323 2451 3399 Aeresbur-

273 3449 457 3522 gum
509 3435 831 3498 castrum
903 3448 947 3497 a
999 3422 1413 3498 Saxonibus
1469 3437 2005 3524 expugnatum,
2077 3449 2164 3497 ac
2237 3448 2449 3522 prae·-

274 3524 548 3598 sidium
599 3523 1045 3598 Francorum
1098 3523 1292 3621 quod
1344 3524 1418 3597 in
1473 3549 1562 3597 eo
1617 3537 1968 3622 posuerat
2020 3525 2450 3622 expulsum3

275 3624 755 3720 Sigiburgum
832 3624 1033 3697 aliud
1105 3625 1495 3697 castellum
1565 3636 2075 3721 oppugnatum
2128 3623 2449 3720 quidem,

276 3723 411 3797 sed
435 3749 582 3798 non
638 3734 977 3822 captum,
1033 3744 1122 3795 eo
1176 3723 1370 3834 quod
1405 3721 1510 3793 hii
1557 3722 1678 3819 qui
1730 3723 1804 3795 in
1859 3749 1947 3799 eo
1988 3746 2205 3795 causa
2243 3744 2452 3820 prae-

276 3823 443 3898 sidii
518 3826 806 3896 fuerant
888 3820 1300 3918 constituti,
1383 3822 1581 3895 facta
1661 3824 2047 3921 eruptione
2123 3819 2454 3895 incautos

270 3936 498 4022 atque
553 3921 1081 4033 obpugnationi
1135 3922 1460 3995 intentos
1500 3921 1835 3995 Saxones
1888 3946 1929 3995 a
1983 3931 2196 4017 tergo
2252 3921 2455 3995 inva-

278 4035 571 4119 serunt,
643 4031 720 4095 et
769 4019 1109 4118 plurimis
1174 4020 1584 4094 interfectis
1637 4020 1959 4119 reliquos
2011 4046 2159 4096 non
2213 4024 2457 4097 solum

284 4155 333 4228 1)
371 4156 532 4212 hodie
550 4078 612 4212 'L
617 4156 899 4222 ubbecke‚
950 4152 1019 4209 ad
1069 4152 1405 4209 occidentem
1426 4152 1677 4212 Mindae.

1841 4245 1885 4319 2
