3027 4904
544 353 642 425 52
1160 349 1610 423 ElNHARDl
1667 346 2098 423 ANNALES

545 533 1019 631 deputatum,
1082 532 1389 630 Pippino
1444 533 1723 605 scilicet
1789 540 1861 602 et
1910 526 2317 623 Hludoico,
2392 525 2485 597 de
2537 525 2716 597 villa

551 632 969 705 Theodonis
1022 655 1155 729 per
1186 632 1577 704 Mosellam
1632 642 1706 702 et
1756 629 2096 700 Rhenum
2151 624 2475 700 secunda
2529 648 2716 722 aqua

547 732 1087 825 Noviomagum
1139 731 1553 825 navigavit,
1614 729 1858 824 ibique
1912 738 2250 800 sanctum
2308 725 2715 822 quadrage-

550 831 810 911 simale
875 829 1227 901 ieiunium
1297 841 1369 902 et
1419 827 1996 902 sacratissimam
2058 827 2378 926 paschae
2433 825 2716 898 festivi-

549 942 782 1004 tatem
850 929 1266 1002 celebravit.
1386 930 1474 1001 Et
1538 928 1706 999 inde
1776 936 1946 1024 post
2010 950 2155 999 non
2218 927 2492 999 multos
2559 925 2717 997 dies

548 1028 1008 1125 Aquasgrani
1080 1029 1425 1122 veniens,
1498 1027 1807 1098 Karlum
1878 1024 2113 1096 filium
2179 1049 2392 1097 suum
2446 1024 2522 1096 in
2573 1036 2715 1097 ter-

550 1153 711 1200 ram
763 1127 1197 1201 Sclavorum
1251 1127 1367 1223 qui
1422 1127 1759 1197 dicuntur
1811 1123 2099 1221 Sorabi,
2155 1137 2229 1197 et
2281 1125 2544 1197 sedent
2595 1148 2715 1196 su·

554 1251 689 1325 per
751 1226 995 1298 Albim
1066 1225 1410 1320 fluvium,
1489 1250 1656 1296 cum
1729 1224 2048 1296 exercitu
2119 1223 2361 1321 misit,
2430 1222 2505 1295 in
2575 1248 2715 1321 qua

550 1325 1010 1424 expeditione
1091 1325 1489 1397 Miliduoch
1559 1325 1996 1397 Sclavorum
2073 1322 2219 1394 dux
2285 1323 2714 1396 interfectus

555 1437 704 1520 est,
773 1426 1063 1522 duoque
1117 1425 1416 1497 castella
1473 1423 1564 1495 ab
1622 1421 1946 1495 exercitu
2000 1421 2420 1516 aedificata,
2486 1445 2717 1494 unum

553 1548 778 1621 super
825 1523 1061 1622 ripam
1116 1522 1441 1595 fluminis
1488 1523 1732 1617 Salae,
1787 1523 2102 1594 alterum
2156 1522 2354 1594 iuxta
2407 1520 2718 1593 fluvium

553 1620 864 1696 Albim1.
971 1623 1400 1721 Sclavisque
1454 1622 1775 1719 pacatis,
1846 1622 2113 1693 Karlus
2169 1645 2334 1692 cum
2392 1621 2715 1694 exercitu

555 1721 1121 1816 regressus,in
1196 1724 1356 1794 loco
1425 1722 1547 1818 qui
1617 1721 1878 1795 dicitur
1940 1717 2146 1792 Si11i2
2204 1745 2428 1819 super
2479 1720 2716 1818 ripam

554 1822 806 1894 Mosae
873 1818 1199 1893 fluminis
1253 1821 1346 1893 ad
1408 1821 1936 1918 imperatorem
1986 1819 2205 1891 venit.
2325 1820 2551 1892 Missa
2603 1829 2719 1892 est

554 1932 629 1992 et
680 1944 941 1992 manus
995 1920 1086 1992 de
1129 1919 1467 1993 Baioaria
1521 1933 1595 1993 et
1644 1918 2082 1992 Alamannia
2134 1929 2351 2016 atque
2382 1918 2714 2014 Burgun-

553 2019 673 2091 dia
724 2019 915 2092 sicut
965 2042 1154 2091 anno
1209 2020 1592 2119 superiore
1658 2019 1733 2091 in
1801 2031 2083 2092 terram
2132 2018 2524 2114 Beeheim,
2593 2042 2716 2092 va-

555 2129 886 2214 stataque
937 2129 1178 2191 terrae
1230 2144 1375 2191 non
1428 2119 1732 2191 minima
1783 2119 2158 2217 portione,
2235 2117 2512 2215 absque
2567 2119 2716 2190 ullo

555 2219 766 2313 gravi
819 2217 1288 2290 incommodo
1342 2242 1709 2312 regressa.
1837 2218 2116 2290 Eodem
2171 2242 2361 2290 anno
2413 2219 2487 2289 in
2543 2220 2717 2291 Cor-

556 2317 781 2390 sicam
857 2317 1174 2389 insulam
1236 2316 1488 2390 contra
1554 2320 1850 2390 Mauros
1918 2318 2038 2416 qui
2113 2341 2281 2389 eam
2330 2317 2719 2391 vastabant

515 2417 815 2498 ,classis
871 2415 962 2489 de
1003 2416 1206 2490 ltalia
1262 2442 1303 2489 a
1358 2417 1663 2516 Pippino
1718 2417 1950 2491 missa
1997 2428 2135 2512 est,
2190 2417 2395 2491 cuius
2449 2418 2718 2491 adven-

554 2531 712 2590 tum
792 2515 1023 2589 Mauri
1112 2543 1258 2589 non
1338 2528 1809 2614 expectantes
1887 2518 2442 2611 abscesserunt,
2533 2541 2718 2590 unus

555 2629 803 2690 tamen
833 2627 1283 2712 nostrorum,
1305 2617 1773 2690 Hadumarus
1794 2641 2043 2690 comes
2063 2616 2373 2691 civitatis
2395 2619 2717 2711 Genuae,

556 2715 1032 2812 inprudenter
1104 2726 1358 2788 contra
1426 2740 1556 2790 eos
1623 2716 1978 2789 dimicans
2044 2717 2330 2790 occisus
2399 2729 2532 2790 est.
2638 2717 2720 2788 ln

556 2813 906 2912 Hispania
960 2837 1136 2887 vero
1177 2816 1497 2910 ‘Navarri
1555 2825 1629 2888 et
1669 2817 2297 2913 pampilonenses,
2352 2818 2718 2914 quisupe-

554 2913 869 2987 rioribus
921 2913 1129 2988 annis
1183 2915 1274 2987 ad
1330 2915 1779 2988 Sarracenos
1833 2916 2292 3010 defecerant,
2369 2916 2440 2988 in
2494 2915 2734 3004 fidem„

555 3013 831 3111 recepti
901 3025 1088 3087 sunt.
1219 3014 1493 3088 Classis
1563 3040 1604 3087 a
1656 3015 1980 3087 Niciforo
2045 3016 2535 3114 imperatore,
2606 3014 2720 3087 cui

557 3114 810 3186 Niceta
863 3113 1218 3209 patricius
1264 3125 1638 3211 praeerat,
1698 3115 1789 3186 ad
1842 3116 2399 3213 reciperandam
2424 3116 2720 3187 Dalma-

554 3212 733 3285 tiam
771 3211 1105 3306 mittitur,
1160 3225 1233 3286 et
1271 3214 1497 3309 legati
1547 3214 1667 3313 qui
1714 3226 1886 3287 ante
1922 3226 2265 3311 quattuor
2293 3216 2450 3286 fere
2485 3236 2720 3285 annos

558 3309 647 3383 ad
704 3333 962 3404 regem
1010 3312 1402 3385 Persarum
1455 3313 1660 3387 missi
1716 3325 1921 3409 sunt,
1978 3338 2109 3412 per
2158 3314 2354 3410 ipsa‘s
2405 3312 2719 3384 Graeca-

556 3433 722 3481 rum
799 3410 1093 3482 navium
1171 3412 1529 3486 stationes
1606 3413 2037 3507 transvecti,
2132 3411 2218 3482 ad
2313 3412 2370 3483 T
2377 3411 2720 3485 arvisiani

553 3520 809 3608 portus
848 3511 1415 3608 receptaculum,
1470 3514 1673 3585 nullo
1714 3511 2306 3584 adversariorum
2332 3512 2719 3602 sentiente,

556 3608 881 3704 regressi
919 3621 1112 3682 sunt.
1204 3612 1614 3709 Imperator
1646 3611 2047 3686 celebravit
2079 3611 2404 3685 natalem
2431 3611 2719 3684 Domini

553 3709 1014 3808 Aquisgrani.

703 3809 870 3883 807.
947 3811 1157 3884 Anno
1230 3812 1611 3908 superiore
1689 3812 1758 3883 4.
1833 3812 2014 3884 Νοη.
2088 3808 2498 3907 Septembr.
2585 3807 2725 3881 fuit

556 3909 872 4006 eclypsis
939 3908 1192 4005 lunae,
1274 3921 1446 3982 tunc
1515 3911 1758 3984 stabat
1832 3911 1946 3983 sol
2017 3910 2091 3982 in
2165 3910 2450 3983 decima
2517 3920 2725 3982 sexta

558 4056 611 4202 13
643 4058 805 4114 Halle
843 4070 897 4115 et
932 4062 1162 4117 alterum
1200 4071 1386 4117 contra
1421 4062 1785 4134 Magdeburg;
1826 4063 1894 4117 cf.
1938 4060 2137 4116 Chron.
2174 4060 2447 4117 Moissiac.
2485 4060 2552 4115 ad
2590 4061 2643 4116 h.
2676 4079 2725 4115 a.

553 4134 588 4190 2
646 4129 822 4198 Selle,
862 4134 927 4187 ad
966 4135 1206 4189 dextram
1244 4133 1432 4191 Mosae
1472 4138 1681 4207 ripam,
1719 4153 1891 4206 prope
1928 4134 2149 4188 Dinant.
