3027 4904
586 309 685 381 eo
1201 264 1653 380 EINHARm
1702 305 2135 380 ANNALES

587 485 1104 583 consti-tutum,
1170 499 1244 560 et
1309 487 1454 559 hoc
1515 487 1728 560 illius
1762 487 2019 561 limitis
2069 484 2464 584 praefectis
2516 484 2764 582 impe-

584 595 828 656 ratum
881 597 1014 658 est.
1119 585 1558 684 lterumque‘
1598 599 2001 660 conventus
2056 610 2312 658 mense
2362 584 2555 656 Maio
2608 585 2762 656 No-

589 684 907 778 viomagi
970 683 1352 757 habendus
1424 685 1805 760 condictus
1874 682 2022 781 est,
2104 686 2562 782 comitesque
2630 683 2764 780 qui

583 782 1144 857 illuc'venirent
1196 784 1547 881 deputati.
1624 785 1742 857 Eoc
1782 785 2097 856 domnus
2148 786 2554 880 imperator
2583 795 2763 879 post

585 882 757 954 festi
824 883 1189 979 paschalis
1257 881 1752 981 expletionem
1824 907 1958 980 per
2010 887 2299 956 Mosam
2351 882 2756 978 navigavit,

584 980 830 1078 ibi-que
903 983 1376 1055 constitutam
1447 983 1662 1055 annis
1735 982 2240 1079 superioribus
2308 992 2528 1079 atque
2582 1006 2757 1055 con-

584 1083 932 1178 scriptam
988 1083 1178 1155 inter
1227 1081 1419 1154 filios
1477 1105 1654 1155 suos
1707 1083 1917 1176 regni
1970 1081 2447 1179 partitionem
2494 1090 2755 1155 ‘recen-

584 1180 771 1275 suit,
834 1204 938 1252 ac
1018 1180 1448 1254 iuramentis
1504 1180 1958 1278 optimatum
1999 1182 2156 1276 ·qui
2233 1193 2409 1253 tunc
2486 1182 2753 1253 adesse

587 1283 980 1375 potuerant
1017 1280 1526 1376 confirmavity
1571 1280 2077 1378 susceptisque
2131 1279 2405 1352 ibidem
2442 1281 2751 1373 Pascha-

582 1379 674 1450 lis
725 1379 1033 1451 Romani
1104 1380 1467 1476 pontificis
1533 1380 1839 1477 legatiS‘,
1899 1382 2113 1467 PJetro
2165 1379 2510 1453 videlicet
2563 1382 2752 1454 Cen-

583 1479 1043 1552 tumcellensi
1111 1480 1458 1576 episcopo
1530 1491 1603 1552 et
1654 1479 2537 1576 Leonenomenclatore⁷
2608 1480 2751 1552 eis-

584 1576 901 1674 demque
970 1580 1306 1652 celeriter
1374 1579 1771 1671 absolutis.,
1850 1578 2239 1652 comitibus
2322 1580 2543 1651 etiam
2623 1580 2747 1674 qui

583 1676 922 1771 aderant,
966 1682 969 1685 “
1011 1679 1101 1749 ad
1171 1678 1713 1774 expeditionem
1780 1679 2275 1751 Pannonicam
2338 1678 2748 1770 destinatis,

583 1775 742 1872 ipse
795 1776 1174 1872 paululum
1228 1777 1327 1848 ibi
1380 1790 1834 1872 1’emoratuS‚
1888 1778 2349 1874 Aquasgrani
2403 1801 2749 1850 reversus

583 1886 716 1947 est.
766 1912 775 1944 ;
822 1877 925 1947 ΔΕῒ
978 1887 1146 1972 post
1193 1901 1466 1972 paucos
1532 1877 1690 1949 dies
1737 1900 1876 1974 per
1927 1877 2400 1949 Arduennam
2454 1879 2591 1950 iter
2642 1878 2748 1948 fa-

583 1975 817 2069 ciens7
872 1975 1235 2048 Treveros
1288 2000 1372 2048 ac
1421 1976 1668 2048 Mettis
1720 1975 1956 2068 venit.¹
2011 1977 2327 2073 indeque
2381 1975 2749 2049 Rumerici

583 2074 969 2146 castellum
1039 2085 1343 2172 petens7
1419 2077 1782 2172 reliquum
1852 2076 2109 2148 aestivi
2179 2075 2444 2149 caloris
2497 2088 2572 2150 et
2622 2099 2747 2146 au-

580 2173 816 2246 tumni
881 2174 1263 2247 dimidium
1337 2174 1854 2248 exercitatione
1920 2176 2302 2246 venatoria
2351 2175 2425 2246 in
2476 2175 2749 2270 Vosegi

581 2272 775 2344 saltu
848 2283 1067 2369 atque
1140 2274 1444 2347 secretis
1498 2272 1764 2369 exegit.
1892 2275 2184 2346 Interea
2235 2274 2521 2369 Borna.,
2600 2275 2748 2347 dux

582 2372 988 2444 Dalmatiae
1059 2385 1285 2472 atque·
1331 2372 1763 2468 Liburniae,
1831 2374 2221 2446 defunctus
2275 2386 2429 2469 est,
2498 2385 2571 2445 et
2618 2397 2745 2471 pe·

579 2481 782 2543 tente
834 2474 1108 2570 populo
1175 2486 1390 2570 atque
1443 2474 1889 2571 imperatore
1959 2475 2463 2548 consentiente
2513 2497 2745 2570 nepos

579 2571 797 2667 illius,
852 2573 1148 2645 nomine
1179 2573 1700 2667 Ladasclavus⁷
1752 2597 2136 2646 successor
2187 2574 2251 2645 ei
2305 2572 2746 2646 constitutus

579 2681 712 2742 est.
830 2672 1181 2744 Adlatum
1249 2684 1363 2745 est
1433 2685 1508 2746 et
1574 2674 1665 2745 de
1720 2685 1959 2746 morte
2011 2672 2277 2766 Leonis
2332 2672 2744 2746 Constanti-

579 2769 984 2865 nopolitani
1039 2771 1545 2866 imperatoris,
1600 2774 1805 2869 quod,
1835 2771 2374 2867 conspiratione
2426 2794 2741 2865 quorun-

580 2868 752 2940 dam
821 2869 1261 2967 optima'tum‘
1341 2893 1685 2967 suorum,
1762 2883 1835 2944 et
1908 2869 2301 2967 praecipue
2366 2869 2740 2941 Michaelis

580 2967 870 3040 comitis
937 2968 1553 3066 domesticorum,
1630 2970 1704 3042 in
1773 2970 1950 3068 ipso
2022 2970 2291 3067 palatio
2359 2968 2457 3041 sit
2521 2969 2739 3041 inter-

579 3078 914 3163 e1nptus3
993 3068 1113 3164 qui
1195 3069 1572 3164 suffragio
1636 3070 1906 3147 civium
1971 3082 2046 3142 et
2108 3069 2740 3165 praetorianorum

579 3167 893 3238 militum
961 3167 1200 3241 studio
1269 3168 1538 3241 infulas
1607 3169 1897 3267 imperii
1968 3169 2383 3265 suscepisse
2456 3167 2736 3238 dicitur.

575 3265 1016 3340 Fortunatus
1088 3269 1507 3363 *patriarcha
1583 3268 1982 3341 Gradensis
2063 3290 2228 3337 cum
2307 3290 2348 3336 a
2417 3265 2738 3360 quodam

578 3364 987 3459 presbitero
1041 3392 1200 3463 suo,
1254 3367 1554 3439 nomine
1587 3368 1915 3460 Tiberio,
1967 3365 2158 3461 apud
2210 3364 2739 3458 imperatorem

576 3464 839 3537 fuisset
902 3478 1328 3557 accusatus,
1384 3465 1606 3560 -quod
1676 3463 2158 3535 Liudewitum
2238 3461 2330 3533 ad
2392 3486 2734 3559 perseve-

575 3564 888 3636 randum
940 3566 1014 3637 in
1065 3562 1373 3661 perfidia
1426 3587 1567 3659 qua
1620 3572 1967 3659 coeperat
2014 3562 2476 3658 hortaretur,
2536 3585 2735 3633 eum-

577 3686 718 3758 que
786 3663 877 3734 ad
947 3663 1250 3736 castella
1319 3686 1448 3735 sua
1517 3661 1914 3734 munienda
1982 3659 2299 3733 artifices
2369 3672 2443 3733 et
2491 3685 2734 3732 *mura-

575 3762 724 3833 rios
794 3763 1153 3836 mittendo
1206 3761 1527 3854 iuvaret,
1597 3772 1673 3833 et
1735 3761 1826 3833 ob
1880 3762 2021 3832 hoc
2074 3760 2167 3831 ad
2219 3760 2576 3856 palatium
2629 3760 2731 3829 ire

578 3858 986 3957 iuberetur3
1056 3860 1337 3959 prime,
1402 3862 1605 3932 velut
1676 3861 2080 3933 iussionem
2121 3859 2596 3955 impleturus,
2659 3855 2729 3926 in

575 3959 929 4032 Histriam
997 3963 1371 4058 profectus
1439 3971 1591 4053 est,
1631 4007 1634 4010 -
1673 3960 1844 4033 inde
1920 3959 2265 4032 simulato
2337 3956 2575 4029 reditu
2643 3955 2732 4027 ad

577 4058 905 4131 Gradum
958 4060 1371 4157 civitatem,
1427 4060 1629 4132 nullo
1685 4061 1987 4133 suorum
2040 4069 2335 4155 praeter
2386 4079 2517 4129 eos
2569 4076 2732 4127 curn
