3027 4904
1120 374 1198 444 A.
1254 370 1419 444 823.
1476 368 1644 443 824.
2363 327 2461 439 so
2541 358 2552 371 ·

254 561 602 646 ‘nerunt.,
677 552 798 649 qui
865 551 1087 625 etiam
1149 552 1403 649 paucis
1470 559 1638 648 post
1705 547 2103 619 adventum
2163 547 2460 620 illorum

300 650 570 723 exactis
624 651 886 724 diebus
935 650 1086 722 vita
1140 651 1475 723 decessit.
1603 647 1686 719 In
1738 646 1943 719 cuius
1996 647 2237 718 locum
2292 671 2458 720 cum

300 748 444 821 duo
498 773 631 847 per
682 749 1226 824 contentionem
1331 749 1527 846 opuli
1572 747 1888 819 fuissent
1933 746 2169 842 electi⁷
2220 747 2458 840 Euge-

300 848 464 920 nius
535 858 819 945 tamen,
893 848 1266 945 archipres
1320 848 1463 920 iter
1525 847 1717 920 tituli
1769 856 2066 918 sanctae
2120 844 2459 941 Sabinae,

299 947 637 1022 vincente
690 948 1046 1021 nobilium
1098 958 1344 1045 parte,
1406 946 1851 1040 subrogatus
1906 956 2122 1042 atque
2175 944 2459 1016 ordina-

298 1055 419 1118 tus
471 1059 600 1120 est.
722 1048 945 1121 Cuius
997 1046 1103 1117 rei
1155 1046 1493 1119 nuntium
1548 1069 1712 1118 cum
1770 1044 2116 1132 Quirinus
2168 1043 2461 1115 subdia-

299 1169 564 1240 conus,
631 1170 820 1219 unus
872 1158 960 1218 ex
1012 1145 1127 1218 his
1178 1145 1299 1242 qui
1351 1145 1579 1241 priori
1629 1143 2001 1238 legatione
2054 1143 2461 1237 fungeban-

296 1255 454 1339 tur,
521 1244 615 1315 ad
664 1245 1192 1342 imperatorem
1258 1242 1686 1339 detulisset,
1758 1253 2122 1315 conventu
2175 1242 2461 1315 circiter

295 1343 365 1415 8.
418 1344 791 1417 Kalendas
841 1344 972 1417 Iul.
1026 1343 1493 1441 pronuntiato
1548 1353 1768 1439 atque
1822 1341 2271 1439 Compendio
2331 1344 2459 1413 ha-

296 1440 475 1537 bito,
530 1443 689 1539 ipse
743 1443 834 1515 ad
871 1442 1395 1516 Brittannicam
1439 1440 1981 1538 expeditionem
2033 1465 2167 1537 per
2219 1464 2299 1513 se
2352 1442 2458 1513 fa-

295 1540 633 1613 ciendam
684 1544 930 1615 animo
983 1546 1290 1638 intento⁷
1343 1542 1807 1613 Hlotharium
1858 1538 2119 1636 filium,
2170 1538 2459 1636 imperii

263 1640 590 1737 sotium,
643 1642 956 1714 Romam
1007 1641 1302 1714 mittere
1358 1641 1709 1733 decrevit,
1768 1649 1848 1710 ut
1899 1638 2059 1712 vice
2111 1663 2243 1711 sua
2297 1640 2457 1710 fun-

294 1751 480 1835 ctus,
534 1764 624 1812 ea
673 1765 859 1837 quae
911 1764 1160 1813 rerum
1212 1740 1616 1829 necessitas
1668 1737 2005 1832 flagitare
2045 1736 2457 1833 videbatur,

295 1861 465 1910 cum
534 1864 725 1912 novo
794 1839 1141 1936 pontifice
1209 1839 1632 1936 populoque
1699 1839 2031 1911 Romano
2101 1847 2461 1910 statueret

297 1948 514 2034 atque
567 1936 911 2012 firmaret.
1013 1940 1105 2011 Et
1154 1938 1279 2010 ille
1320 1938 1618 2035 quidem
1653 1937 1745 2008 ad
1779 1937 1961 2008 haec
1989 1939 2457 2033 exsequenda

294 2047 466 2148 post
532 2038 858 2111 medium
919 2038 1336 2132 Augustum
1398 2037 1475 2109 in
1525 2037 1813 2110 Italiam
1878 2038 2254 2131 profectus
2318 2048 2458 2131 est,

295 2148 700 2232 imperator
749 2160 928 2209 vero
984 2137 1121 2209 iter
1173 2136 1369 2233 quod
1421 2136 1497 2206 in
1528 2134 2013 2208 Brittanniam
2045 2137 2287 2207 facere
2330 2158 2456 2231 pa·

295 2248 626 2329 raverat‚
706 2245 1009 2334 propter
1090 2236 1370 2307 famem
1446 2258 1635 2331 quae
1718 2233 1958 2306 adhuc
2035 2234 2456 2330 praevalida

296 2344 491 2432 erat⁷
563 2359 793 2432 usque
862 2334 953 2409 ad
1027 2334 1315 2407 initium
1385 2332 1711 2406 autumni
1777 2334 2083 2426 adgredi
2138 2332 2455 2406 distulit:

293 2444 451 2507 tum
506 2433 827 2529 demum,
882 2434 1219 2508 adunatis
1275 2433 1587 2530 undique
1640 2432 1979 2506 omnibus
2014 2431 2268 2528 copiis,
2321 2432 2457 2504 Re-

296 2534 528 2607 donas
581 2534 947 2608 civitatem
1002 2534 1337 2607 terminis
1387 2532 1788 2605 Brittaniae
1859 2531 2281 2627 contiguam
2332 2555 2456 2603 ve-

293 2634 425 2728 nit,
479 2645 553 2706 et
604 2633 775 2706 inde
829 2631 1064 2705 diviso
1118 2632 1190 2704 in
1242 2644 1392 2706 tres
1445 2642 1694 2730 partes
1740 2632 2087 2725 exercitu,
2140 2628 2457 2704 duabus-

295 2756 437 2830 que
488 2733 817 2831 partibus
883 2731 1054 2805 filiis
1120 2731 1273 2805 suis
1325 2732 1632 2829 Pippino
1699 2742 1775 2804 et
1826 2730 2249 2803 Hludowico
2314 2740 2458 2803 tra-

297 2832 490 2927 ditis7
542 2834 906 2929 tertiaque
960 2855 1212 2904 secum
1267 2842 1584 2926 retenta,
1641 2828 2123 2903 Brittanniam
2176 2828 2458 2924 ingres-

296 2956 449 3023 sus.,
501 2943 733 3004 totam
788 2934 984 3003 ferro
1040 2942 1114 3003 et
1165 2932 1316 3025 igni
1361 2930 1803 3020 devastavit3
1857 2928 2458 3026 consumptisque

294 3030 369 3101 in
422 3031 562 3101 hac
613 3030 1072 3126 expeditione
1125 3030 1224 3102 40
1274 3031 1393 3101 vel
1461 3052 1550 3101 eo
1604 3028 1921 3125 amplius
1974 3028 2275 3120 diebus7
2343 3051 2459 3099 ac·

296 3129 527 3226 ceptis
581 3152 763 3227 quos
819 3128 1097 3227 perfido
1152 3127 1564 3201 Brittonum
1632 3128 1902 3223 populo
1968 3126 2464 3223 imperaverat

296 3217 698 3323 obsidibus,
749 3230 1242 3321 Ratumagum
1297 3226 1696 3319 civitatem,
1757 3224 1879 3296 ubi
1934 3224 2324 3321 coniugem
2377 3248 2458 3297 se

297 3328 565 3425 operiri
617 3329 955 3422 iusserat,
1011 3352 1073 3398 a.
1115 3325 1179 3397 d.
1239 3326 1351 3397 15.
1392 3325 1764 3398 Kalendas
1815 3323 2159 3396 Decemb.
2213 3347 2460 3396 rever-

296 3450 424 3499 sus
477 3438 610 3501 est.
715 3429 901 3500 Nam
957 3438 1031 3500 et
1078 3426 1250 3498 illuc
1301 3426 1586 3520 legatos
1636 3423 2016 3498 Michaelis
2068 3424 2460 3521 imperato-

297 3524 400 3599 ris
465 3526 584 3621 qui
638 3527 731 3598 ad
785 3550 956 3600 eum
1021 3525 1496 3600 mittebantur
1566 3524 1703 3597 sibi
1770 3546 2153 3596 occurrere
2220 3522 2459 3615 iussit,

297 3647 464 3696 cum
519 3624 780 3721 quibus
847 3637 922 3698 et
985 3625 1428 3698 Fortunatus
1477 3623 1895 3721 patriarcha
1944 3621 2461 3701 veneticorum

297 3747 728 3818 regressus,
798 3724 892 3795 wad
945 3723 1104 3796 eius
1153 3725 1356 3795 venit
1409 3721 1927 3820 praesentiam.
2033 3720 2183 3792 Sed
2234 3720 2459 3815 legati

295 3823 773 3921 imperatoris„
833 3823 1113 3897 litteras
1194 3834 1267 3895 et
1333 3845 1636 3894 munera
1717 3821 2183 3913 deserenteS‚
2261 3820 2461 3915 pacis

296 3920 844 3994 confirmandae
909 3946 1128 3994 causa
1198 3945 1279 3994 se
1332 3922 1602 3994 missos
1656 3942 1821 3992 esse
1888 3917 2254 4013 dicentes,
2324 3943 2461 4016 pro

296 4020 694 4096 Fortunato
748 4020 926 4094 nihil
980 4020 1201 4094 locuti
1256 4032 1458 4113 sunt3
1515 4021 1706 4093 inter
1758 4028 2047 4090 caetera
2084 4028 2327 4095 tamen
2367 4017 2461 4088 ad

296 4121 742 4213 legationem
814 4143 1025 4196 suam
1102 4119 1539 4217 pertinentia
1605 4116 1967 4215 quaedam
2038 4116 2129 4190 de
2203 4116 2462 4211 imagi-
