3027 4904
531 309 577 380 6
1141 301 1595 376 EINHARDI
1648 298 2079 374 ANNALES

527 483 913 585 promissis
977 507 1202 583 opere
1255 481 1676 582 complevit.
1798 480 2110 579 Propter
2159 480 2301 552 hoc
2350 479 2701 578 Pippinus

529 609 660 657 rex
708 585 982 657 iterum
1048 607 1216 656 cum
1285 585 1613 657 exercitu
1666 581 1953 656 Italiam
2004 580 2340 676 intravit,
2409 591 2481 653 et
2531 579 2702 653 Hei-

530 685 841 759 stulfum
904 685 978 755 in
1043 683 1266 781 Papia
1337 683 1630 756 civitate
1704 706 1786 755 se
1836 681 2339 754 includentem
2391 679 2704 776 obsedit,

533 796 605 858 et
657 782 1040 858 obsidione
1096 784 1187 855 ad
1242 781 1754 881 impletionem
1806 781 2349 879 promissorum
2401 803 2709 853 suorum

533 883 880 982 conpulit.
984 882 1521 980 Redditamque
1574 882 1713 956 sibi
1750 883 2178 954 Ravennam
2234 892 2306 953 et
2344 880 2709 978 Pentapo-

533 983 664 1055 lim
717 995 792 1056 et
844 1006 1143 1056 omnem
1183 983 1675 1056 Exarchatum
1728 981 1822 1053 ad
1854 983 2282 1053 Ravennam
2335 980 2711 1077 pertinen-

534 1093 689 1156 tem
719 1083 812 1155 ad
845 1095 1186 1156 sanctum
1222 1083 1529 1156 Petrum
1568 1080 1908 1175 tradidit3
1963 1092 2185 1177 atque
2217 1079 2334 1152 his
2362 1078 2710 1177 peractiS,

534 1184 609 1255 in
678 1182 996 1257 Galliam
1064 1205 1412 1256 reversus
1485 1193 1621 1255 est.
1749 1181 2157 1254 Heistulfu's
2230 1191 2477 1252 autem
2546 1191 2715 1279 post

535 1282 970 1356 abscessum
1037 1281 1235 1378 eius,
1315 1305 1483 1355 cum
1534 1280 2063 1376 meditaretur,
2137 1279 2509 1377 quomodo
2579 1302 2713 1352 sua

535 1383 905 1480 promissa
959 1405 1106 1453 non
1159 1391 1315 1453 tam
1367 1381 1751 1479 impleret,
1808 1403 2029 1477 quam
2070 1380 2330 1452 dolose
2385 1403 2473 1452 ea
2526 1403 2713 1476 quae

535 1483 847 1580 impleta
897 1481 1192 1554 fuerant
1243 1490 1746 1576 conmutaret,
1807 1481 1882 1552 in
1935 1479 2324 1552 venatione
2378 1479 2470 1550 de
2522 1502 2715 1575 equo

537 1606 672 1656 suo
729 1605 905 1654 casu
955 1581 1346 1679 prolapsus
1403 1594 1559 1674 est,
1639 1592 1857 1678 atque
1915 1603 2005 1651 ex
2055 1581 2199 1653 hoc
2251 1578 2715 1674 aegritudine

539 1691 938 1774 contracta,
993 1681 1185 1752 intra
1217 1705 1494 1778 paucos
1529 1679 1687 1752 dies
1732 1678 2026 1752 vivendi
2080 1679 2480 1752 terminum
2526 1679 2714 1751 fecit.

540 1781 674 1855 Cui
728 1779 1194 1873 Desiderius,
1268 1779 1392 1877 qui
1460 1803 1711 1853 comes
1765 1778 2034 1852 stabuli
2090 1779 2248 1852 eius
2302 1790 2500 1874 erat,
2553 1802 2715 1851 suc-

541 1880 765 1954 cessit
814 1881 889 1952 in
943 1903 1278 1974 regnum.

694 1980 861 2054 757.
917 1978 1439 2053 Constantinus
1490 1977 1896 2076 imperator
1948 1976 2154 2051 misit
2197 1976 2504 2077 Pippino
2559 1976 2718 2072 regi

540 2079 772 2152 multa
838 2102 1184 2173 munera,
1261 2079 1456 2152 inter
1523 2101 1709 2175 quae
1781 2087 1857 2149 et
1909 2102 2312 2173 organum3
2385 2101 2572 2173 quae
2626 2076 2719 2148 ad

541 2201 713 2250 eum
768 2178 840 2249 in
897 2177 1321 2275 Conpendio
1376 2177 1549 2249 villa
1599 2178 2133 2274 pervenerunt,
2186 2176 2311 2248 ubi
2362 2187 2538 2250 tunc
2588 2201 2718 2274 po-

539 2277 695 2375 puli
732 2278 846 2350 sui
880 2279 1314 2372 generalem
1366 2287 1812 2349 conventum
1843 2276 2117 2349 habuit.
2202 2276 2384 2348 Illuc
2423 2286 2502 2349 et
2542 2278 2718 2350 Tas-

541 2375 679 2452 silo
753 2376 900 2448 dux
948 2377 1458 2449 Baioariorum
1523 2400 1691 2448 cum
1743 2375 2191 2475 primoribus
2244 2377 2486 2472 gentis
2541 2399 2719 2450 suae

541 2478 784 2572 venit,
853 2489 929 2550 et
978 2502 1189 2550 more
1239 2476 1587 2550 Francico
1642 2477 1719 2550 in
1769 2502 2035 2551 manus
2086 2476 2291 2571 regis
2343 2478 2417 2548 in
2467 2501 2719 2551 vassa-

541 2578 769 2652 ticum
799 2576 1139 2649 manibus
1194 2576 1348 2649 suis
1389 2576 1878 2675 semetipsum
1916 2576 2484 2671 commendavit,
2538 2576 2719 2649 fide-

542 2675 978 2774 litatemque
1046 2687 1200 2749 tam
1265 2676 1428 2775 ipso
1482 2676 1645 2772 regi
1696 2676 2001 2774 Pippino
2057 2699 2278 2773 quam
2337 2675 2509 2749 filiis
2563 2676 2722 2750 eius

545 2776 775 2850 Karlo
854 2787 931 2849 et
1005 2776 1505 2848 Karlomanno
1591 2775 2060 2848 iureiurando
2142 2800 2368 2873 supra
2456 2799 2723 2874 corpus

544 2876 780 2949 sancti
847 2875 1156 2949 Dionisii
1225 2874 1607 2973 promisit,
1691 2886 1768 2948 et
1832 2899 1978 2948 non
2048 2875 2292 2948 solum
2359 2874 2499 2972 ibi,
2588 2876 2723 2950 sed

549 2975 776 3048 etiam
842 2999 1068 3071 super
1138 2999 1406 3073 corpus
1478 2976 1710 3048 sancti
1762 2974 2057 3048 Martini
2128 2986 2204 3048 et
2254 2976 2487 3049 sancti
2541 2976 2723 3049 Ger·

543 3075 745 3147 mani
798 3073 1023 3146 simili
1078 3084 1571 3173 sacramento,
1625 3073 1849 3147 fidem
1903 3099 1983 3147 se
2036 3073 2434 3172 praedictis
2490 3074 2723 3148 domi-

544 3176 658 3248 nis
712 3173 867 3248 suis
922 3173 1181 3249 diebus
1234 3174 1430 3248 vitae
1483 3198 1659 3250 suae
1703 3188 2215 3271 servaturum,
2272 3186 2385 3248 est
2436 3175 2718 3273 pollici·

545 3287 683 3347 tus.
759 3272 1113 3347 Similiter
1166 3286 1241 3347 et
1294 3299 1554 3348 omnes
1607 3275 1973 3373 primores
2034 3299 2119 3346 ac
2169 3274 2719 3349 maioresfnatu

544 3372 901 3469 Baioarii,
972 3374 1094 3470 qui
1162 3397 1329 3446 cum
1383 3397 1470 3447 eo
1526 3375 1599 3445 in
1653 3372 2156 3472 praesentiam
2206 3374 2406 3469 regis
2459 3398 2722 3471 perve-

545 3482 846 3569 nerant,
914 3470 1143 3545 fidem
1195 3497 1277 3545 se
1328 3471 1490 3569 regi
1544 3485 1620 3547 et
1669 3472 1842 3547 filiis
1894 3472 2053 3546 eius
2110 3486 2577 3570 servaturos,
2645 3477 2719 3548 in

545 3571 940 3672 praedictis
991 3572 1536 3645 venerabilibus
1606 3574 1788 3647 locis
1840 3573 2363 3673 promiserunt.

696 3671 867 3746 758.
943 3672 1290 3771 Pippinus
1357 3697 1488 3746 rex
1543 3697 1713 3746 cum
1766 3674 2091 3748 exercitu
2143 3674 2540 3747 Saxoniam
2594 3675 2720 3747 ad-

546 3796 849 3868 gressus
890 3783 1044 3868 est3
1097 3785 1174 3846 et
1213 3773 1551 3871 quamvis
1586 3774 2001 3848 Saxonibus
2050 3774 2505 3848 validissime
2540 3774 2720 3846 resi-

549 3872 910 3945 stentibus
949 3883 1025 3945 et
1058 3873 1497 3947 munitiones
1547 3898 1720 3948 suas
1774 3875 2174 3970 tuentibus,
2227 3876 2461 3973 pulsis
2501 3896 2717 3969 proe-

430 4026 435 4040 ,
547 3970 646 4043 lio
700 3972 1414 4071 propugnatoribuS,
1480 3998 1617 4072 per
1667 3975 1958 4074 ipsum,
2028 4001 2171 4074 quo
2225 3973 2541 4072 patriam
2594 3971 2721 4045 de·
2811 3972 2818 3979 ’

551 4072 856 4146 fendere
897 4072 1369 4169 conabantur,
1423 4076 1704 4148 vallum
1738 4074 2051 4151 intravit.
2146 4071 2726 4169 Commissisque
