3027 4904
543 327 640 399 58
886 318 895 331 ‘
1140 274 1607 395 ἘιΝΗΑιιῡι
1657 324 2100 398 ANNALEs

540 515 808 579 ventus
880 504 1233 578 comitum
1299 503 1769 602 imperatoris
1854 517 2072 603 atque
2143 530 2446 580 suorum
2514 507 2714 580 iuxta

540 605 899 679 terminos
963 604 1170 699 regni
1223 604 1337 676 sui
1388 618 1594 677 trans
1648 603 1892 676 Albim
1943 606 2197 703 fieret,
2268 608 2340 678 iu
2392 633 2543 720 quo·
2590 631 2713 680 res

539 705 857 779 invicem
901 714 1158 799 gestae
1195 705 1512 801 proferri
1569 713 1646 775 et
1678 704 2195 777 emendatione
2249 706 2472 801 digna
2523 708 2713 779 inter

536 816 788 903 partes
842 804 1258 876 enumerari
1313 803 1746 900 potuissent.
1873 806 2033 878 Non
2089 804 2343 878 abnuit
2394 807 2710 905 impera-

530 917 689 998 ,ἴοις
744 902 1334 1001 colloquiumque
1381 914 1587 975 trans
1620 901 1909 974 Albiam
1961 903 2295 977 habitum
2345 930 2513 977 cum
2566 906 2712 996 pri-

534 1002 866 1076 moribus
919 1003 1331 1098 Danorum,
1385 1002 1460 1075 in
1513 1003 1676 1075 loco
1732 1002 1855 1097 qui
1908 1003 2174 1076 dicitur
2223 1002 2710 1101 Badenssiot1,

535 1101 938 1200 multisque
1011 1102 1184 1175 hinc
1250 1113 1324 1175 et
1386 1101 1556 1173 inde
1609 1102 1916 1198 prolatis
1985 1116 2203 1200 atque
2258 1105 2709 1177 enumeratis

534 1202 783 1297 rebuS,
813 1202 1111 1297 negotio
1132 1201 1425 1300 penitus
1451 1201 1724 1274 infecto
1753 1200 2166 1276 discessum
2195 1214 2330 1277 est.
2385 1205 2706 1277 Thrasco

534 1326 756 1397 vero,
840 1302 986 1373 dux
1068 1301 1636 1394 Abodritorum,
1716 1313 2105 1397 postquam
2179 1303 2436 1387 filium
2492 1326 2708 1377 suum

532 1401 933 1498 postulanti
986 1401 1390 1474 Godofrido
1442 1398 1783 1473 obsidem
1835 1399 2169 1495 dederat,
2225 1403 2533 1475 collecta
2579 1426 2708 1500 po-

535 1499 905 1599 pularium
976 1523 1235 1594 manu,
1317 1512 1391 1573 et
1461 1499 1730 1573 auxilio
1802 1523 1846 1571 a
1899 1500 2312 1574 Saxonibus
2375 1513 2707 1596 accepto,

532 1600 812 1672 vicinos
867 1623 1041 1673 suos
1076 1600 1385 1673 Wiltzos
1438 1600 1862 1694 adgressus,
1916 1623 2137 1693 agros
2191 1623 2451 1671 eorum
2503 1603 2706 1672 ferro

533 1712 610 1773 et
675 1699 829 1794 igni
901 1708 1180 1795 vastat,
1247 1722 1782 1795 regressusque
1849 1699 2148 1770 domum
2202 1723 2370 1771 cum
2422 1699 2706 1794 ingenti

532 1798 852 1898 praeda,
907 1810 1202 1896 accepto
1258 1798 1522 1872 iterum
1579 1822 1623 1870 a
1654 1797 2070 1872 Saxonibus
2118 1799 2455 1870 validiori
2507 1798 2704 1869 auxi-

533 1899 672 1994 lio,
742 1897 1343 1994 Smeldingorum
1411 1897 1811 1971 maximam
1888 1896 2255 1971 civitatem
2309 1907 2703 1996 expugnat,

533 2011 752 2095 atque
804 1997 919 2069 his
972 1997 1432 2071 successibus
1484 2021 1746 2070 omnes
1800 1997 1920 2093 qui
1975 1997 2065 2068 ab
2121 2021 2209 2070 eo
2254 1998 2703 2092 defecerant,

534 2097 628 2170 ad
681 2120 891 2171 suam
944 2099 1380 2171 societatem
1432 2097 1704 2170 reverti
1759 2100 2025 2192 coegit.
2106 2098 2240 2171 His
2293 2098 2393 2172 ita
2446 2096 2703 2192 gestiS,

529 2199 937 2294 imperator
1019 2199 1111 2268 de
1187 2196 1584 2269 Arduenna
1658 2199 1905 2293 Aquas
1980 2220 2366 2291 reversus,
2444 2219 2704 2269 mense

530 2295 979 2370 Novembrio
1048 2296 1433 2369 concilium
1495 2293 1750 2368 habuit
1800 2295 1891 2367 de
1942 2297 2418 2393 processione
2474 2294 2702 2393 Spiri-

530 2408 652 2470 tus
735 2395 1002 2493 sancti,
1087 2420 1307 2493 quam
1392 2395 1900 2494 quaestionem
1969 2396 2335 2470 lohannes
2406 2395 2705 2495 quidam
2781 2404 2782 2411 ’

529 2497 938 2569 monachus
974 2496 1481 2571 Hierosolimis
1535 2495 1773 2594 primo
1829 2497 2265 2591 commovit3
2319 2497 2525 2570 cuius
2578 2496 2701 2568 de·

528 2596 898 2669 finiendae
949 2620 1170 2669 causa
1220 2597 1666 2670 Bernharius
1719 2597 2108 2694 episcopus
2150 2595 2701 2669 wormacensis

530 2706 609 2768 et
655 2695 1118 2768 Adalhardus
1187 2695 1414 2769 abbas
1485 2696 1914 2769 monasterii
1970 2695 2326 2770 Corbeiae
2390 2696 2702 2767 Romam

531 2795 626 2867 ad
678 2794 1003 2866 Leonem
1058 2818 1326 2892 papam
1370 2794 1577 2867 missi
1633 2807 1821 2866 sunt.
1898 2796 2276 2889 Agitatum
2331 2805 2446 2867 est
2479 2796 2699 2868 etiam

528 2895 603 2966 in
658 2892 924 2966 eodem
975 2893 1281 2966 concilio
1345 2894 1435 2966 de
1489 2905 1684 2966 statu
1739 2893 2217 2966 ecclesiarum
2271 2907 2344 2968 et
2396 2917 2699 2966 conver-

529 2994 814 3067 satione
882 3015 1183 3088 eorum,
1258 2993 1379 3090 qui
1453 2993 1527 3064 in
1598 2994 1706 3066 eis
1758 2994 1912 3065 Deo
1986 2995 2263 3067 servire
2334 2993 2699 3089 dicuntur,

529 3117 668 3166 nec
719 3091 992 3190 aliquid
1043 3102 1296 3166 tamen
1333 3092 1717 3166 definitum
1773 3103 1890 3165 est
1940 3107 2244 3191 propter
2294 3117 2569 3186 rerum,
2623 3104 2703 3165 ut

526 3192 953 3289 videbatur,
1006 3192 1612 3288 magnitudinem.
1713 3193 2122 3290 Imperator
2173 3204 2453 3286 autem,
2531 3215 2700 3263 cum

530 3291 600 3364 ei
652 3291 884 3365 multa
961 3291 1051 3362 de
1120 3293 1460 3366 iactantia
1535 3303 1611 3365 et
1677 3292 2020 3389 superbia
2072 3293 2269 3387 regis
2321 3291 2700 3361 Danorum

529 3390 1076 3485 nuntiarentur,
1144 3391 1401 3464 statuit
1462 3402 1664 3464 trans
1715 3391 2008 3462 Albiam
2072 3389 2381 3463 fluvium
2448 3389 2697 3462 civita-

527 3502 682 3564 tem
734 3489 1160 3585 aedificare,
1239 3485 1837 3586 Francorumque
1889 3491 1962 3561 in
2016 3512 2105 3561 ea
2158 3514 2435 3588 ponere
2484 3513 2697 3588 prae-

529 3590 820 3664 sidium.
941 3590 1273 3685 Cumque
1339 3589 1430 3661 ad
1496 3588 1642 3662 hoc
1691 3614 1825 3686 per
1876 3589 2193 3663 Galliam
2247 3602 2465 3688 atque
2519 3592 2697 3663 Ger-

527 3694 853 3764 maniam
894 3689 1235 3762 homines
1289 3702 1844 3803 congregasset,
1898 3692 2269 3788 armisque
2320 3714 2407 3762 ac
2456 3701 2694 3763 caete-

528 3791 630 3864 ris
660 3792 752 3864 ad
790 3814 1006 3864 usum
1036 3790 1473 3861 necessariis
1516 3790 1737 3863 rebus
1783 3788 2180 3864 instructos
2220 3814 2354 3887 per
2383 3789 2691 3861 Frisiam

530 3890 621 3961 ad
676 3891 920 3962 locum
971 3889 1418 3964 destinatum
1456 3887 1725 3961 ducere
1778 3888 2139 3985 iussisset,
2192 3890 2513 3962 Thrasco
2550 3888 2696 3958 dux

527 3988 1107 4063 Abodritorum
1087 4016 1163 4062 m
1216 3987 1548 4087 emporio
1582 3986 1799 4061 Reric
1849 3988 1939 4061 ab
1989 3988 2411 4072 hominibus
2451 3990 2693 4062 Godo·

536 4108 583 4182 1)
622 4110 775 4164 locus
813 4108 1058 4179 ignotus,
1112 4119 1259 4165 certe
1303 4128 1475 4182 prope
1510 4110 1801 4183 Egidoram
1837 4111 1988 4166 situs.
