3027 4904
488 302 493 305 ⁷
548 355 648 426 70
1169 344 1622 420 ElNHARm
1671 339 2105 418 ANNALES

552 532 1132 628 compleverunt,
1167 537 1242 599 et
1277 524 1823 599 contumacium
1853 521 2238 595 audaciam
2274 543 2420 592 non
2453 543 2729 616 magno

558 631 809 704 labore
854 636 1471 724 compresserunt.
1550 625 1737 696 Nam
1764 648 1910 695 una
1955 621 2244 694 civitate
2286 632 2731 717 expugnata,

554 724 899 829 quicquid
950 726 1025 799 in
1080 749 1166 798 ea
1219 737 1442 825 gente
1495 723 1782 797 rebelle
1810 721 2223 814 videbatur,
2277 719 2734 794 subiectione

555 828 924 928 promissa
966 825 1402 922 conquievit.
1479 825 1852 897 Vascones
1896 822 2018 919 qui
2059 830 2264 893 trans
2306 821 2735 893 Garonnam

558 939 632 1001 et
695 928 886 998 circa
955 924 1325 996 Pirineum
1376 934 1710 996 montem
1762 920 2131 1015 habitant,
2202 929 2512 1017 propter
2562 920 2733 993 sub-

560 1030 793 1100 latum
844 1024 1111 1096 ducem
1163 1047 1381 1096 suum
1430 1022 1728 1095 nomine
1781 1019 2252 1115 Sigiwinum,
2322 1043 2545 1116 quem
2598 1019 2735 1091 im-

559 1136 861 1224 perator
907 1123 999 1196 ob
1034 1123 1338 1194 nimiam
1391 1121 1552 1194 eius
1604 1121 2073 1194 insolentiam
2124 1142 2210 1189 ac
2243 1141 2534 1190 morum
2567 1143 2735 1215 pra-

560 1224 864 1297 vitatem
929 1222 1100 1295 inde
1179 1221 1619 1316 sustulerat,
1699 1221 1915 1294 solita
1983 1217 2284 1291 levitate
2360 1218 2735 1314 commoti,

561 1320 1064 1396 coniuratione
1127 1322 1361 1416 facta,
1434 1319 1858 1393 omnimoda
1926 1316 2341 1390 defectione
2408 1317 2734 1391 descive-

561 1432 769 1514 runt3
838 1420 971 1494 sed
1038 1420 1324 1494 duabus
1377 1416 1967 1517 expeditionibus
2017 1415 2124 1488 ita
2178 1427 2351 1489 sunt
2405 1416 2732 1514 edomiti,

559 1531 643 1593 ut
692 1519 906 1593 tarda
976 1519 1082 1591 eis
1138 1517 1410 1592 deditio
1465 1531 1543 1593 et
1594 1518 1795 1617 pacis
1862 1515 2281 1611 impetratio
2334 1515 2735 1589 videretur.

559 1619 852 1691 Interea
928 1618 1245 1691 domnus
1325 1617 1474 1690 Leo
1551 1630 1744 1714 papa
1822 1639 2013 1688 anno
2087 1613 2555 1711 pontificatus
2620 1616 2737 1689 sui

560 1717 913 1790 vicesimo
979 1718 1271 1812 primo,
1342 1716 1633 1788 circiter
1697 1715 1763 1789 8.
1829 1716 1989 1790 Kal.
2068 1715 2225 1787 Iun.
2279 1715 2372 1788 de
2425 1738 2738 1811 corpore

561 1815 943 1910 migravit,
997 1815 1493 1911 Stefanusque
1546 1815 1896 1888 diaconus
1949 1814 2023 1886 in
2076 1814 2323 1886 locum
2376 1814 2534 1887 eius
2588 1816 2737 1886 ele-

562 1923 725 1987 ctus
778 1925 1001 2010 atque
1052 1913 1431 1987 ordinatus
1484 1926 1635 2008 est,
1701 1913 2178 2009 nondumque
2232 1911 2516 1985 duobus
2567 1925 2740 2010 post

562 2013 1193 2105 consecrationem
1228 2037 1440 2086 suam
1473 2013 1746 2086 exactis
1790 2011 2195 2106 mensibus,
2248 2035 2468 2108 quam
2501 2014 2740 2085 maxi-

561 2112 703 2184 mis
755 2123 1043 2209 poterat
1092 2111 1479 2184 itineribus
1536 2113 1627 2184 ad
1679 2111 2209 2209 imperatorem
2259 2112 2515 2184 venire
2570 2135 2739 2183 con·

561 2210 835 2306 tendit,
910 2211 1157 2283 missis
1232 2212 1526 2283 interim
1598 2210 1884 2283 duobus
1949 2208 2253 2305 legatis,
2334 2209 2456 2307 qui
2528 2211 2740 2307 quasi

561 2331 697 2405 pro
725 2332 859 2382 sua
887 2310 1440 2382 consecratione
1480 2308 1910 2407 imperatori
1942 2321 2443 2403 suggererent.
2524 2310 2739 2397 Quod

564 2406 687 2480 ubi
737 2407 1145 2507 imperator
1195 2409 1511 2505 audivit,
1591 2409 1843 2483 Remis
1898 2406 1966 2493 ei
2019 2407 2276 2482 statuit
2327 2431 2736 2506 occurrere,

562 2506 956 2605 missisque
1010 2508 1304 2581 obviam
1355 2509 1471 2583 his
1526 2509 1647 2605 qui
1702 2533 1873 2581 eum
1909 2507 2037 2579 illo
2084 2507 2559 2601 deducerent,
2611 2509 2739 2581 ad-

561 2618 868 2680 ventum
920 2607 1077 2681 eius
1128 2608 1639 2705 praeveniens,
1693 2632 1860 2679 cum
1912 2630 2185 2701 magno
2237 2630 2411 2679 eum
2463 2607 2738 2680 ibidem

561 2706 844 2778 honore
909 2707 1254 2803 suscepit.
1374 2708 1516 2797 Qui
1580 2707 1830 2782 statim
1894 2705 2323 2803 imperatori
2375 2706 2738 2780 adventus

562 2803 676 2875 sui
728 2827 1027 2876 causam
1078 2805 1501 2902 insinuans,
1580 2805 1971 2879 celebratis
2041 2828 2130 2876 ex
2200 2828 2408 2877 more
2476 2806 2738 2877 missa-

561 2925 730 2973 rum
780 2903 1232 3000 sollemniis,
1289 2928 1462 2977 eum
1513 2905 1956 2980 diadematis
2006 2902 2477 3002 impositione
2531 2927 2739 2977 coro-

562 3000 783 3075 navit.
887 3003 1138 3077 Multis
1191 3004 1457 3076 deinde
1507 3006 1701 3079 inter
1760 3031 1890 3079 eos
1945 3004 2376 3078 muneribus
2427 3013 2501 3076 et
2553 3004 2740 3077 datis

564 3112 640 3174 et
707 3102 1067 3199 acceptis,
1145 3104 1642 3202 conviviisque
1721 3106 2074 3203 oppipare
2156 3102 2590 3198 celebratis,
2665 3113 2741 3175 et

565 3200 883 3274 amicitia
936 3200 1259 3276 vicissim
1299 3202 1727 3279 firmissimo
1774 3205 2043 3277 robore
2080 3203 2495 3294 constituta,
2545 3201 2741 3273 aliis·
2825 3225 2834 3229 “

563 3323 706 3395 que
757 3298 1190 3374 utilitatibus
1242 3313 1541 3374 sanctae
1591 3304 1728 3376 Dei
1782 3302 2140 3375 ecclesiae
2191 3324 2326 3396 pro
2382 3299 2741 3395 temporis

565 3396 1060 3493 oportunitate
1126 3399 1540 3495 dispositiS,
1602 3402 1934 3499 pontifex
2001 3399 2353 3493 Romam,
2420 3398 2740 3495 impera-

564 3506 683 3568 tor
733 3494 1270 3591 Compendium
1324 3499 1678 3594 palatium
1729 3498 1953 3596 petiit.
2057 3496 2164 3568 lbi
2210 3509 2738 3594 commoratus,

564 3596 852 3689 legatos
904 3593 1432 3669 Abodritorum
1500 3607 1576 3670 et
1627 3598 1718 3670 de
1771 3595 2121 3695 Hispania
2174 3596 2464 3691 legatos
2516 3596 2741 3671 Abdi-

564 3694 899 3789 rahman,
949 3691 1084 3765 filii
1135 3696 1414 3768 Abulaz
1470 3698 1713 3795 regis,
1767 3697 1857 3769 ad
1916 3720 1998 3769 se
2051 3695 2322 3769 missos
2375 3696 2738 3794 suscepit3

565 3792 1102 3891 completisque
1177 3794 1278 3867 ibi
1358 3795 1621 3891 viginti
1702 3798 1821 3870 vel
1902 3820 1989 3868 eo
2066 3794 2387 3893 amplius
2455 3796 2738 3893 diebuS,

565 3893 1027 3989 Aquasgrani
1081 3893 1173 3966 ad
1224 3893 1706 3969 hiemandum
1756 3898 2134 3995 profectus
2187 3906 2318 3967 est.

713 3990 884 4070 817.
940 3992 1199 4089 Legati
1247 3995 1751 4069 Abdirahman
1802 3995 1932 4070 filii
1976 3995 2284 4089 Abulaz,
2337 3994 2537 4089 regis
2569 3991 2743 4065 Sar-

564 4114 1038 4188 racenorum,
1115 4094 1206 4167 de
1259 4095 1851 4194 Caesaraugusta
1916 4094 2166 4191 missi,
2232 4092 2434 4190 pacis
2485 4103 2740 4189 peten-
