3027 4904
551 355 651 429 24
1162 357 1617 431 EINHARDI
1669 358 2100 432 ANNALES

554 561 724 613 cum
776 538 900 614 illo
953 562 1187 637 usque
1239 540 1332 612 ad
1387 553 1721 615 montem
1772 540 1892 638 qui
1924 537 2233 614 Suntal1
2285 541 2730 639 appel-latur,

553 636 627 711 in
681 639 887 712 cuius
920 638 1479 737 septentrionali
1533 643 1765 715 latere
1802 641 2180 714 Saxonum
2233 651 2476 713 castra
2516 651 2734 714 erant

554 738 824 836 posita,
876 751 1394 837 pervenerunt.
1475 741 1558 813 In
1611 764 1753 838 quo
1808 741 1968 813 loco
2025 764 2192 814 cum
2229 736 2731 813 Theodericus

555 839 1218 936 castra‘posumisset,
1271 841 1436 938 ipsi,
1492 842 1683 914 sicut
1713 864 1881 913 cum
1934 863 2023 913 eo
2078 853 2731 938 convenerat,·quo

552 938 842 1011 facilius
896 949 1228 1012 montem
1283 940 1671 1013 circumire
1714 950 2045 1039 possent,
2099 942 2545 1036 transgressi
2580 938 2733 1013 wi·-

557 1060 835 1135 suram,
890 1039 963 1111 in
1017 1039 1174 1137 ipsa
1205 1038 1739 1139 fluminis-*ripav
1785 1050 2505 1138 castraposuerunt.
2588 1041 2733 1113 Ha-

559 1137 860 1235 bitoque
916 1138 1108 1212 inter
1161 1163 1243 1213 se
1297 1140 1727 1237 conloquio,
1782 1140 1996 1213 veriti
2049 1152 2405 1236 sunt,.ne
2462 1142 2554 1214 ad
2606 1162 2735 1211 no-

555 1242 729 1310 ·'men
801 1238 1232 1311 Theoderici
1298 1240 1646 1314 victoriae
1720 1241 1919 1313 fama
1971 1240 2359 1337 transiret,
2431 1240 2493 1313 si
2562 1263 2734 1314 eum

555 1337 630 1409 in
683 1338 950 1410 eodem
1003 1339 1288 1436 proelio
1361 1363 1615 1412 secum
1668 1339 2048 1410 haberent.
2158 1340 2332 1410 Ideo
2387 1341 2546 1414 sine
2600 1341 2730 1429 illo

563 1460 732 1509 cum
812 1437 1226 1511 Saxonibus
1305 1438 1658 1535 congredi
1736 1437 2179 1535 decernunt,
2278 1439 2737 1536 sumptisque

556 1535 826 1636 armiS,
886 1562 1027 1609 non
1085 1537 1291 1634 quasi
1345 1538 1436 1611 ad
1491 1540 1786 1612 hostem
1837 1538 1911 1608 in
1968 1537 2122 1610 acie
2176 1547 2542 1635 stantem,
2597 1539 2734 1612 sed

498 1722 505 1723 γ
558 1634 769 1733 quasi
852 1637 943 1708 ad
1011 1637 1451 1733 fugientium
1503 1649 1745 1735 terga
1821 1636 2277 1737 insequenda
2354 1640 2591 1736 spolia
2644 1662 2736 1711 ue

557 1734 1006 1833 diripienda,
1060 1749 1278 1834 prout
1328 1761 1697 1835 quemque
1751 1738 2105 1811 velocitas
2161 1736 2329 1833 equi
2385 1738 2497 1810 sui
2552 1662 2735 1812 tulle-

556 1845 696 1928 rat,
750 1860 889 1932 qua
935 1834 1267 1910 Saxones
1321 1863 1458 1936 pro
1512 1837 1773 1911 castris
1824 1837 1897 1909 in
1955 1838 2108 1910 acie
2140 1836 2459 1932 stabant,
2513 1862 2737 1910 unus-

559 1933 867 2032 quisque
922 1956 1182 2008 eorum
1235 1961 1530 2010 summa
1583 1936 2053 2010 festinatione
2097 1937 2490 2008 contendit.
2573 1937 2734 2024 Quo

558 2057 728 2106 cum
783 2046 983 2108 esset
1033 2037 1228 2108 male
1263 2047 1742 2135 perventum,
1797 2037 1994 2108 male
2052 2034 2275 2107 etiam
2328 2047 2738 2133 pugnatum

558 2143 704 2228 est3
770 2157 943 2207 nam
999 2137 1396 2210 commisso
1453 2138 1737 2236 proelio
1792 2135 2273 2208 circumventi
2338 2158 2378 2205 a
2433 2134 2739 2207 Saxoni-

556 2230 721 2328 buS,
776 2257 1011 2330 paene
1066 2259 1326 2309 omnes
1377 2234 1747 2310 interfecti
1801 2245 1992 2307 sunt.
2082 2233 2222 2321 Qui
2269 2244 2517 2305 tamen
2568 2258 2739 2321 eva-

561 2330 739 2404 dere
807 2345 1240 2432 potuerunt,
1322 2360 1465 2409 non
1538 2335 1610 2407 in
1665 2357 1840 2430 sua,
1919 2332 2116 2405 unde
2172 2332 2488 2428 profecti
2542 2346 2738 2430 sunt,

559 2431 690 2504 sed
745 2431 820 2505 in
855 2434 1288 2509 Theoderici
1335 2446 1602 2535 castra,
1658 2457 1843 2533 quae
1884 2442 2088 2506 trans
2118 2442 2450 2506 montem
2505 2447 2739 2532 erant,

558 2531 911 2627 fugiendo
978 2548 1498 2632 pervenerunt.
1624 2535 1772 2609 Sed
1844 2534 2081 2606 maior
2147 2532 2446 2607 Francis
2519 2559 2741 2632 quam

558 2654 692 2729 pro
745 2656 1055 2708 numero
1093 2633 1369 2707 iactura
1425 2635 1588 2731 fuit,
1644 2634 1816 2731 quia
1845 2635 2261 2729 legatorum
2298 2632 2468 2728 duo,
2521 2635 2739 2706 Adal-

558 2728 765 2824 gisus
818 2743 895 2803 et
948 2731 1197 2828 Geilo,
1254 2734 1607 2807 comitum
1657 2742 2026 2829 quattuor,
2081 2729 2539 2827 aliorumque
2592 2735 2741 2806 cla-

558 2851 813 2900 rorum
883 2839 1100 2926 atque
1171 2831 1528 2904 nobilium
1599 2854 1833 2929 usque
1891 2831 1982 2902 ad
2040 2829 2295 2924 viginti
2351 2829 2739 2929 interfecti,

559 2940 858 3026 praeter
910 2942 1286 3025 caeteroS,
1357 2932 1479 3029 qui
1533 2931 1671 3005 hos
1725 2928 2056 3030 sequuti,
2110 2929 2355 3026 potius
2382 2953 2576 3002 ··cum
2631 2932 2741 3006 eis

558 3027 802 3126 perire
857 3054 1077 3125 quam
1131 3043 1302 3129 post
1352 3057 1481 3106 eos
1530 3032 1780 3106 vivere
1833 3031 2271 3103 maluerunt.
2378 3030 2600 3105 Cuius
2634 3034 2742 3105 rei

556 3128 899 3200 nuntium
946 3154 1112 3203 cum
1167 3155 1296 3204 rex
1349 3133 1783 3229 accepisset,
1836 3130 2012 3204 nihil
2055 3126 2192 3201 sibi
2248 3131 2739 3228 cunctandum

560 3227 1004 3323 arbitratus,
1073 3232 1382 3306 collecto
1454 3231 1893 3306 festinanter
1947 3227 2307 3322 exercitu,
2372 3228 2445 3298 in
2514 3230 2741 3303 Saxo-

561 3327 764 3398 niam
833 3328 1365 3426 proficiscitur,
1446 3331 1842 3429 accitisque
1895 3330 1988 3401 ad
2041 3350 2122 3400 se
2178 3326 2455 3399 cunctis
2509 3327 2739 3402 Saxo-

561 3449 737 3498 num
807 3429 1288 3526 primoribus,
1361 3431 1453 3503 de
1524 3430 1943 3504 auctoribus
2010 3428 2249 3498 factae
2305 3424 2742 3504 defectionis

560 3524 952 3622 inquisivit.
1056 3530 1146 3602 Et
1198 3554 1366 3604 cum
1421 3553 1682 3604 omnes
1735 3525 2259 3601 Widokindum
2315 3525 2530 3602 huius
2585 3555 2741 3604 sce-

430 3643 447 3653 ·
559 3624 739 3699 ieris
811 3639 1185 3702 auctorem
1257 3632 1837 3730 proclamarent,
1920 3650 2090 3700 eum
2142 3635 2391 3697 tamen
2445 3629 2741 3703 tradere

560 3725 993 3823 nequirent,
1066 3752 1155 3801 eo
1209 3731 1403 3825 quod
1455 3730 1517 3802 is
1571 3754 1653 3803 re
1709 3736 2131 3827 perpetrata
2185 3724 2274 3796 ad
2329 3727 2739 3801 Nordman-

562 3849 700 3898 nos
739 3849 821 3897 se
875 3828 1308 3924 contulerat,
1365 3841 1855 3922 caeterorum,
1912 3827 2033 3925 qui
2084 3826 2543 3922 persuasioni
2582 3828 2737 3902 eius

560 3946 853 3996 morem
903 3939 1250 4022 gerentes
1302 3940 1590 4001 tantum
1645 3930 1931 4000 facinus
1975 3938 2451 4022 peregerunt,
2505 3951 2736 4024 usque

563 4023 656 4095 ad
711 4036 1058 4121 quattuor
1110 4028 1312 4100 milia
1366 4027 1744 4125 quingenti
1816 4027 2106 4122 traditi,
2175 4034 2248 4097 et
2298 4048 2522 4123 super
2568 4028 2735 4102 Ala-

572 4147 618 4221 1)
653 4148 881 4221 Stindel,
919 4151 1128 4222 Stintel,
1168 4153 1226 4207 in
1262 4155 1671 4225 septentrionali
1709 4153 1962 4209 Wiserae
1999 4152 2134 4220 ripa.
