3027 4904
1058 396 1067 425 2
1101 371 1180 442 A.
1233 366 1376 446 783
1388 367 1652 445 —785
1765 392 1774 405 ‘
2367 365 2462 441 27

298 555 414 628 sit.
532 555 863 650 Cumque
932 572 1106 626 eum
1156 548 1467 626 ulterius
1518 546 2466 649 progredigtamh‘iemalis

297 650 656 755 temporis
698 652 1091 753 asperitas-
1116 675 1342 750 quam
1395 674 1752 751 aquarum
1804 642 2186 750 inundatio
2211 649 2464 750 prohi-

297 754 550 848 beret,
617 750 1167 850 Aeresburgum
1210 762 1546 826 castrum
1589 752 1670 823 -in
1699 750 2464 838 ihibernaooncessit.

447 853 611 928 785.
678 855 876 928 Cum
917 850 1016 925 ibi
1069 848 1401 951 hiemare
1435 844 2466 949 decrevisset5accitis‘atque

297 952 628 1027 adductis
681 955 772 1025 ad
828 977 911 1027 se
962 951 2089 1048 uxoreffacliberis,1=relictoque
2136 973 2303 1023 cum
2349 948 2466 1024 eis

296 1053 370 1126 in
424 1053 689 1128 eodem
743 1063 986 1125 castro
1041 1053 1217 1126 satis
1248 1051 1395 1124 fido
1450 1072 1538 1125 ac
1585 1052 1821 1125 firmo
1856 1049 2467 1150 p1·aesidio,'ipse

296 1176 462 1227 cum
531 1151 875 1250 expedita
927 1174 1169 1225 manu
1209 1153 1303 1224 ad
1356 1146 1733 1249 Saxonum
1769 1169 2017 1250 ³pagos
2071 1150 2465 1224 vastandos

295 1277 381 1326 ac
429 1253 646 1326 villas
678 1249 1149 1349 diripiendas
1195 1272 1570 1348 egressuS,
1624 1251 2027 1347 inquietam
2080 1250 2467 1325 satis-hie-

293 1374 522 1449 mem,
573 1345 840 1448 ubique
893 1346 1367 1425 discurrendo
1423 1362 1503 1425 et-
1550 1346 1810 1426 cuncta
1845 1349 2193 1447 caedibus
2245 1358 2466 1447 atque

293 1450 667 1525 incendiis
725 1451 1277 1550 permiscendo,
1356 1464 1510 1526 tam
1567 1476 1699 1550 per
1751 1451 2169 1548 seipsum,
2242 1472 2468 1548 quam

293 1576 431 1651 per
483 1552 706 1650 duces
760 1576 944 1648 quos
998 1553 1328 1646 miserat,
1380 1550 1791 1649 Saxonib'us
1832 1545 2170 1623 reddidit.-
2239 1544 2464 1624 *Cum*-

295 1675 437 1750 que
468 1648 889 1749 huiusmodi
925 1650 1459 1725 vastationibus
1482 1670 1633 1750 per
1657 1702 1661 1707 -
1683 1661 1919 1724 totum
1945 1647 2244 1722 hiberni
2278 1660 2467 1722 tem2-

292 1753 493 1850 poris
526 1751 848 1851 spatium
893 1776 1152 1825 omnes
1189 1753 1350 1824 fere·
1395 1752 1771 1826 Saxonum
1802 1750 2147 1846 regiones
2183 1748 2465 1845 ingenti

294 1853 507 1925 clade
558 1851 995 1948 adfecisset,
1049 1861 1420 1925 transacta
1473 1851 1775 1925 tandem
1819 1849 2082 1922 hieme,
2120 1861 2193 1923 et
2246 1850 2466 1921 adve-

296 1951 432 2025 ctis
486 1976 575 2024 ex
627 1952 933 2025 Francia
986 1950 1553 2048 commeatibus,
1620 1949 1996 2049 publicum
2049 1942 2467 2047 popu-li‘sui

295 2062 740 2124 conventum
790 2053 864 2122 -in
919 2053 1080 2125 loco
1135 2053 1257 2149 qui
1299 2050 1824 2124 Padrabrunno
1876 2061 2205 2145 vocatur,
2258 2068 2467 2121 more

297 2151 612 2225 solemni
697 2150 972 2223 habuit.
1102 2153 1207 2224 Ac
1278 2150 1596 2249 peractis
1661 2151 1777 2223 his
1856 2172 2042 2246 quae
2107 2149 2204 2220 ad
2268 2148 2468 2220 illius

297 2263 701 2324 conventus
770 2250 1134 2323 rationem
1200 2250 1703 2349 pertinebant,
1780 2249 1864 2320 in¹¹
1924 2266 2198 2346 pagum
2249 2270 2467 2333 voca?

296 2351 469 2422 bulo
525 2350 959 2445 Bardengoo
1014 2349 1524 2449 proficiscitur,
1578 2349 1824 2446 ibique
1876 2349 2182 2420 audiens
2215 2339 2468 2419 wido-a

295 2450 603 2524 kindum
639 2474 724 2522 ac
749 2449 1158 2522 A-bbionem
1198 2476 1364 2525 esse
1415 2452 1491 2523 in
1532 2445 2058 2522 Transalhiana
2092 2446 2469 2544 Saxonum

297 2551 647 2645 regione,
701 2547 940 2646 primo
996 2550 1103 2622 eis
1154 2572 1290 2646 per
1342 2550 1717 2643 Saxones,
1789 2557 1870 2619 ut
1922 2546 2199 2619 omissa
2233 2544 2469 2643 perfi-

299 2650 419 2722 dia
472 2651 564 2722 ad
616 2667 828 2722 suam
866 2646 1091 2746 fidem
1132 2648 1388 2721 venire
1440 2673 1587 2720 non
1619 2645 2099 2743 ambigerent,
2154 2646 2470 2720 suadere

299 2750 561 2848 coepit.
665 2752 995 2848 Cumque
1048 2748 1230 2846 ipsi,
1274 2739 1697 2820 facinorum
1748 2770 2056 2844 suorum
2108 2745 2247 2819 sibi
2299 2769 2471 2817 con-

300 2850 470 2947 scii,
537 2850 737 2945 regis
789 2848 961 2921 fidei
1015 2871 1096 2921 se
1150 2848 1613 2944 committere
1667 2845 2134 2942 dubitarent,
2168 2844 2473 2920 tandem

299 2962 599 3046 accepta
664 2948 754 3020 ab
824 2972 957 3043 ec,
1027 2943 1247 3045 quam
1293 2947 1682 3045 optabant,
1750 2945 2181 3045 inpunitatis
2209 2957 2221 2973 ·’
2250 2970 2471 3043 spon.-

300 3048 553 3145 sione,
588 3057 853 3144 atque·
892 3047 1344 3146 impetratis,
1418 3070 1604 3144 quos
1670 3045 1810 3119 sibi
1863 3045 2021 3117 dari
2067 3037 2472 3141 'precaban-

297 3161 459 3244 tur,
533 3169 712 3220 suae
781 3147 1040 3220 salutis
1110 3144 1530 3241 obsidibus,
1602 3170 1784 3242 quos
1840 3145 1945 3216 eis
1997 3143 2471 3239 AmalwinuS,

299 3271 489 3321 unus
542 3247 1006 3345 aulicorum,
1086 3269 1128 3317 a
1199 3265 1378 3340 rege
1444 3246 1717 3317 missus
1781 3244 2223 3339 adduxerat,
2306 3241 2476 3340 cum

301 3349 565 3421 eodem
616 3346 943 3444 ipsojad
997 3344 1154 3418 eius
1207 3344 1705 3443 praesentiam
1756 3345 1829 3416 in
1879 3342 2243 3417 Attiniaco
2293 3341 2475 3426 villa

301 3457 688 3543 venerunt,
743 3458 958 3543 atque
1006 3444 1105 3517 ibi
1160 3444 1510 3543 baptizati
1557 3456 1746 3541 sunt,
1823 3445 2012 3516 Nam
2064 3467 2218 3539 reX,
2273 3452 2474 3539 post·-

302 3567 526 3642 quam
579 3546 669 3641 ad
711 3570 840 3618 eos
893 3546 1407 3619 accersiendos
1457 3554 1951 3626 memoratum
1983 3544 2477 3620 Amalwinum

304 3645 606 3736 direxit,
676 3642 749 3716 in
800 3645 1184 3717 Franciam
1254 3667 1600 3742 reversus
1655 3656 1806 3738 est,
1877 3643 2297 3741 quievitque
2349 3641 2478 3715 illa

306 3742 713 3819 Saxonicae
768 3742 1117 3839 perfidiae
1168 3744 1648 3843 pervicacitas
1701 3767 1835 3842 per
1889 3767 2121 3838 annos
2169 3740 2477 3835 aliquot,

307 3844 423 3917 ob·
454 3845 595 3916 hoc
646 3843 1005 3939 maxime,
1059 3843 1403 3940 quoniam
1459 3847 1884 3918 occasiones
1938 3837 2328 3922 deficiejndi
2382 3839 2477 3912 ad

305 3968 464 4017 rem
519 3942 974 4042 pertinentes
1024 3943 1356 4016 invenire
1408 3963 1556 4016 non
1609 3937 2029 4043 potuerunt.
2089 3941 2326 4014 =Facta
2359 3950 2479 4013 est

307 4046 573 4118 eodem
641 4065 831 4116 anno
885 4053 1091 4136 trans
1144 4043 1481 4116 Rhenum
1556 4043 1751 4140 apud
1804 4040 2202 4115 orientales
2254 4040 2476 4113 Fran-

309 4165 435 4217 cos
514 4145 871 4219 adversus
947 4166 1207 4239 regem
1285 4141 1653 4215 inmodica
1729 4141 2172 4237 coniuratio,
2268 4140 2475 4213 cuius
