3027 4904
560 364 688 427 vln
1167 372 1615 445 EINHARDI
1667 371 2120 442 ANNALES.

561 558 702 628 sita
767 577 1001 627 sermo
1074 554 1168 648 (e.
1225 580 1289 649 9.
1346 577 1510 627 ann.
1569 553 1732 626 795.
1788 552 1998 647 826.)
2068 552 2270 624 nobis
2325 545 2727 644 persuadet.

565 653 972 727 Secundam
1036 655 1250 748 iyitur
1303 655 1540 746 operis
1585 658 1866 744 partem
1920 674 2051 744 per
2101 651 2418 745 sinqulos
2472 670 2724 737 annos,

565 754 734 827 dum
799 755 947 848 ipse
999 752 1211 824 aulae
1274 753 1781 846 imperatoriae
1836 749 2293 844 adhaereret,
2368 757 2435 821 et
2483 749 2727 844 Aquis-

562 854 779 948 9rani
821 855 1237 946 praecipue,
1292 851 1385 923 ab
1431 848 1801 922 Einhardo
1838 852 2307 943 compositam
2361 873 2511 921 esse
2555 874 2726 943 pro-

555 976 777 1046 pono.
878 950 1066 1023 Hinc
1115 957 1186 1022 et
1233 950 1458 1027 altum
1509 949 1596 1022 de
1646 946 2049 1021 Adalhardi
2099 957 2164 1020 et
2206 948 2451 1020 Walae
2506 948 2729 1020 abba-

565 1054 961 1124 tum=ruina
1009 1050 1223 1145 (nam
1252 1051 1758 1122 restitutionem
1800 1048 2191 1143 memorat)
2246 1049 2618 1141 silentium,
2667 1056 2737 1120 et

565 1174 695 1222 cur
729 1173 909 1244 opus
937 1151 1130 1223 ultra
1179 1172 1448 1221 annum
1481 1148 1628 1223 829
1672 1171 1816 1220 non
1855 1150 2257 1242 excreverit,
2295 1147 2727 1220 declaratur.

725 1250 815 1322 Ut
873 1252 1087 1344 iyitur
1140 1250 1425 1342 paucis.
1477 1250 1895 1320 sententiam
1968 1271 2204 1319 meam
2276 1248 2360 1319 de
2434 1254 2736 1342 utroque

563 1371 775 1441 opere
854 1348 1260 1442 absolvam,
1362 1346 1661 1418 annales
1724 1347 2257 1439 LaurissenseS,
2347 1370 2566 1442 usque
2633 1346 2735 1418 ad

568 1470 836 1519 annum
915 1450 1061 1523 788
1125 1449 1199 1518 in
1267 1448 1706 1518 monasterio
1775 1450 2010 1518 sancti
2069 1446 2371 1518 Nazarii
2446 1471 2733 1540 compo-

565 1548 774 1639 sitos,
828 1545 1071 1617 ultimo
1121 1543 1389 1618 saeculi
1425 1547 1675 1618 ,octavi
1727 1545 2061 1618 decennio
2116 1545 2217 1616 ad
2264 1570 2523 1618 manus
2561 1544 2729 1617 Ein—

565 1645 813 1737 hardi,
896 1646 1143 1738 mayni
1216 1643 1934 1715 Laureshamensium
2015 1646 2265 1738 amici,
2348 1646 2728 1738 devenisse,

564 1750 632 1814 et
681 1743 772 1814 ab
843 1767 924 1814 eo
978 1744 1500 1815 continuatione
1554 1765 1909 1815 annorum
1961 1743 2176 1817 788-
2210 1744 2379 1839 829,
2450 1744 2733 1839 qualem
2793 1798 2806 1817 -.

568 1842 936 1914 annalium
1005 1842 1577 1913 Laurissensium
1642 1842 1923 1914 codices
1988 1843 2343 1936 exhibent,
2401 1842 2730 1935 donatos,

565 1964 777 2036 opere
845 1964 1011 2012 vero
1068 1940 1169 2011 ad
1214 1944 1421 2028 finem
1468 1939 1850 2034 perducto,
1910 1944 2228 2035 priorem
2296 1945 2511 2013 etiam
2555 1967 2730 2035 par-

564 2046 701 2112 tem
770 2038 1120 2112 monacho
1174 2038 1523 2133 debitam,
1593 2062 1812 2134 quam
1861 2063 2083 2133 opera
2147 2065 2285 2114 sua
2349 2041 2734 2135 plurimum

562 2140 877 2234 indiqere
927 2138 1391 2232 intelleoeisset,
1448 2138 1541 2209 ab
1578 2138 1947 2212 Einhardo
2001 2142 2463 2235 recoquitam,
2521 2148 2733 2236 atque

563 2262 713 2310 una
767 2262 927 2311 cum
993 2239 1520 2310 continuatione
1564 2241 1820 2330 paucis
1872 2240 2101 2310 verbis
2131 2300 2135 2305 .
2169 2242 2548 2310 immutata
2601 2263 2732 2311 suo

566 2337 695 2410 sub
761 2339 1040 2410 nomine
1105 2337 1370 2409 editam
1443 2359 1594 2408 esse
1646 2359 1912 2409 censeo.
2034 2337 2231 2425 Quae
2294 2339 2357 2409 si
2425 2340 2538 2409 cui
2604 2341 2732 2409 mi-

565 2462 701 2511 nus
744 2437 1181 2531 placuerint,
1237 2437 1388 2510 alia
1437 2460 1573 2509 nos
1625 2437 1877 2509 docere
1929 2461 2074 2509 non
2123 2437 2603 2532 supersedeat.

582 2580 591 2588 ·
714 2536 827 2610 Ad
891 2545 1286 2629 temporum
1373 2540 1723 2609 rationem
1804 2537 1997 2633 quod
2049 2540 2384 2631 pertinet,
2466 2562 2734 2610 annum

564 2658 774 2707 suum
860 2634 1496 2708 Laureshamensis
1588 2637 1983 2709 monachus
2059 2644 2130 2707 et
2198 2638 2612 2709 Einhardus
2686 2663 2735 2709 a

563 2736 932 2806 nativitate
996 2734 1287 2806 Domini
1352 2735 1725 2828 inchoant,
1798 2736 1991 2830 quod
2054 2738 2141 2807 iis
2211 2739 2421 2808 annis
2485 2737 2735 2832 quibus

556 2857 693 2927 per
744 2833 1043 2905 hiemem
1095 2836 1309 2906 etiam
1336 2899 1341 2904 ,
1369 2857 1485 2906 res
1534 2840 1778 2927 qestae
1840 2840 2040 2926 sunt,
2110 2859 2162 2906 e.
2216 2861 2282 2929 9.
2338 2836 2507 2929 768,
2558 2838 2733 2930 776,

566 2932 736 3026 781,
809 2932 978 3026 785,
1010 3015 1017 3022 ,
1049 2932 1218 3026 787,
1292 2932 1463 3026 800,
1517 2932 1686 3027 801,
1740 2933 1910 3027 802,
1963 2935 2135 3025 806,
2191 2934 2339 3010 807
2406 2937 2601 3007 initio
2670 2943 2736 3008 et

562 3036 720 3125 fine,
774 3031 921 3104 808
960 3038 1079 3103 etc.
1135 3037 1341 3104 extra
1385 3031 1897 3112 dubitationem
1948 3036 2168 3125 venit5
2220 3034 2440 3106 hieme
2492 3039 2732 3107 tamen

554 3155 692 3226 per
741 3134 1037 3227 quietem
1088 3130 1344 3224 ducta,
1397 3136 1687 3227 uterque
1739 3138 2084 3204 recentem
2136 3158 2402 3205 annum
2455 3137 2736 3205 nonnisi

557 3236 729 3324 post
791 3234 975 3303 veris
1040 3231 1314 3303 initium
1377 3231 1757 3325 inchoare,
1830 3237 1899 3302 et
1960 3234 2279 3305 natalem
2329 3233 2616 3302 Domini
2668 3238 2739 3301 et

556 3330 838 3423 pascha
873 3352 1064 3400 anno
1096 3331 1435 3422 proxime
1466 3330 1711 3422 elapso
1756 3323 2143 3423 adiunyere
2173 3331 2448 3402 videtur
2463 3356 2492 3419 ,·
2544 3329 2739 3424 quod

564 3431 908 3501 neminem
958 3430 1031 3499 in
1082 3451 1398 3500 errorem
1450 3428 1706 3499 ducere
1748 3434 1999 3521 potest.

713 3526 825 3598 Ecc
887 3527 1349 3620 scriptoribus
1411 3526 1623 3597 medii
1686 3528 1881 3621 aevi,
1946 3550 2246 3621 quorum
2309 3550 2455 3599 non
2514 3530 2760 3621 pauci'

566 3650 775 3721 opere
826 3632 1073 3697 nostro
1141 3628 1251 3697 usi
1301 3630 1500 3718 sunt,
1572 3624 1682 3696 hic
1733 3630 2008 3696 tantum
2061 3626 2520 3720 Enhardum,
2603 3649 2733 3697 an-

565 3726 838 3797 nalium
874 3724 1326 3795 Fuldensium
1367 3747 1586 3819 usque
1632 3723 1734 3796 ad
1786 3747 2050 3797 annum
2087 3726 2234 3801 838
2287 3729 2729 3820 scriptorem,

565 3830 630 3896 et
680 3822 1182 3917 subaequalem
1234 3825 1421 3895 vitae
1472 3823 1868 3896 Hludowici
1917 3825 2025 3896 Pii
2079 3833 2445 3899 auctorem
2500 3824 2730 3896 addu-

565 3925 824 3994 cimus:
852 3921 1230 3995 .Einhardi
1265 3922 1564 3995 annales
1602 3927 1823 4016 poeta
1877 3923 2077 3996 Saxo
2115 3924 2733 4020 Lam-sprinqensis

565 4020 864 4107 Arnulfo
914 4028 1257 4117 reynante
1307 4021 1623 4094 versibus
1674 4026 2028 4116 expressit.
