3027 4904
522 375 613 448 14
1140 371 1592 446 EINHARDI
1647 373 2075 447 ANNALES

513 579 697 654 pore
747 552 1150 626 meridiano
1217 555 1456 629 cuncti
1509 553 2016 652 quiescerent,
2084 554 2287 627 iuxta
2353 565 2686 628 montem

515 657 639 754 qui
691 655 952 729 castris
1006 664 1166 726 erat
1216 655 1645 752 contiguus,
1698 667 1903 728 tanta
1953 656 2065 728 vis
2120 677 2352 751 aquae
2405 654 2479 727 in
2517 679 2684 728 con-

516 780 696 829 cavo
750 753 1137 828 cuiusdam
1186 751 1576 827 torrentis1
1633 755 1980 853 eruperit,
2036 763 2119 826 ut
2163 764 2425 826 cuncto
2480 779 2685 828 exer-

513 856 687 928 citui
740 853 1134 928 sufficeret.
1239 855 1428 926 Tum
1480 879 1636 950 rex,
1689 855 1887 926 idolo
1942 855 2344 950 destructo,
2398 856 2489 926 ad
2538 855 2687 927 Wi-

515 979 766 1029 suram
819 953 1127 1026 fluvium
1179 955 1513 1050 accessit,
1567 954 1816 1052 ibique
1868 979 1910 1025 a
1949 953 2364 1028 Saxonibus
2417 955 2690 1027 duode-

515 1055 660 1127 cim
723 1052 1019 1128 obsides
1090 1054 1392 1151 accepit.
1513 1054 1691 1126 Inde
1752 1054 1826 1127 in
1879 1055 1934 1126 F
1939 1053 2265 1127 ranciam
2317 1077 2686 1150 reversuS,

511 1155 588 1227 in
650 1155 827 1226 villa
877 1153 1301 1228 Heristallio
1374 1164 1449 1227 et
1498 1155 1826 1228 natalem
1877 1153 2171 1227 Domini
2232 1165 2304 1227 et
2357 1168 2689 1228 sanctam

512 1254 885 1353 paschalis
948 1254 1117 1326 festi
1169 1253 1747 1329 sollemnitatem
1799 1253 2212 1327 celebravit.

664 1355 833 1428 773.
886 1353 1301 1425 Hadrianus
1353 1377 1547 1450 papa
1598 1378 1767 1427 cum
1819 1354 2290 1427 insolentiam
2329 1351 2691 1425 Desiderii

507 1453 715 1548 [regis
781 1464 856 1526 et
925 1451 1586 1548 Langobardorum
1652 1453 2213 1551 oppressionem
2284 1453 2481 1525 ferre
2541 1477 2690 1524 non

513 1562 811 1650 posset,
877 1552 1203 1626 decrevit
1269 1562 1349 1624 ut
1418 1553 1870 1648 legationem
1927 1554 2017 1625 ad
2070 1552 2378 1625 Karlum
2431 1575 2691 1646 regem

512 1654 966 1725 Francorum
1034 1653 1397 1747 mitteret,
1470 1676 1788 1749 eumque
1861 1652 2001 1726 sibi
2067 1665 2285 1748 atque
2339 1651 2690 1724 Romanis

515 1752 873 1825 adversus
906 1751 1436 1846 Langobardos
1477 1774 1700 1850 opem
1753 1754 1949 1825 ferre
2003 1761 2323 1849 rogaret.
2399 1752 2488 1824 Et
2519 1750 2692 1850 quia

514 1850 589 1922 id
659 1862 954 1924 terreno
1028 1851 1326 1924 itinere2
1369 1876 1505 1949 per
1574 1852 1864 1926 Italiam
1929 1852 2092 1925 fieri
2159 1875 2309 1924 non
2370 1861 2688 1948 poterat,

515 1974 690 2024 eum
741 1975 963 2050 quem
1014 1952 1320 2025 miserat
1368 1954 1744 2050 legatum,
1809 1951 2106 2024 nomine
2158 1952 2494 2046 Petrum,
2548 1951 2690 2022 Ro-

514 2075 684 2123 mae
749 2064 1019 2124 navem
1088 2051 1587 2125 conscendere
1657 2064 1732 2126 et
1800 2052 2201 2125 Massiliam
2272 2073 2506 2146 usque
2555 2073 2693 2147 per

514 2173 722 2222 mare
786 2150 929 2245 ire,
1008 2161 1228 2247 atque
1291 2151 1464 2224 inde
1515 2162 1811 2224 terreno
1864 2152 2125 2225 itinere
2176 2150 2252 2221 in
2306 2149 2692 2222 Franciam

514 2250 691 2322 fecit
741 2250 1154 2346 pervenire.
1289 2251 1430 2338 Qui
1483 2274 1653 2323 cum
1707 2251 1798 2322 ad
1852 2274 2110 2346 regem
2163 2250 2235 2321 in
2291 2249 2691 2321 Theodone

514 2347 774 2445 villa2,
831 2349 953 2421 ubi
1006 2359 1181 2422 tunc
1229 2350 1727 2445 hiemaverat,
1779 2350 2283 2447 pervenisset,
2338 2360 2413 2422 et
2467 2348 2534 2419 ei
2588 2349 2690 2420 le-

516 2449 834 2546 gationis
886 2474 1064 2523 suae
1119 2474 1418 2524 causam
1474 2450 1921 2548 aperuisset,
1989 2449 2291 2545 eadem,
2373 2473 2516 2546 qua
2567 2473 2691 2521 ve-

517 2562 752 2647 nerat,
805 2548 922 2621 via
969 2551 1278 2622 Romam
1334 2574 1724 2646 regressus
1779 2564 1913 2623 est.
2019 2551 2172 2624 Rex
2209 2573 2387 2622 vero
2443 2547 2689 2644 rebius,

516 2673 703 2747 quae
768 2649 964 2721 inter
1026 2649 1399 2722 Romanos
1474 2675 1561 2723 ac
1611 2650 2141 2744 Langobardos
2213 2649 2689 2744 gerebantur,

519 2747 853 2844 diligenti
906 2772 1081 2821 cura
1123 2750 1618 2846 pertractatis,
1674 2749 1950 2820 bellum
2004 2749 2141 2821 sibi
2197 2759 2452 2820 contra
2503 2747 2691 2819 Lan-

516 2848 891 2945 gobardos
930 2872 1063 2945 pro
1119 2848 1553 2921 defensione
1582 2849 2085 2920 Romanorum
2139 2846 2692 2943 suscipiendum

516 2960 746 3042 ratuS,
802 2971 970 3018 cum
1021 2958 1173 3020 toto
1203 2948 1654 3021 Francorum
1696 2948 2019 3020 exercitu
2055 2944 2458 3042 Genuam3,
2510 2947 2690 3019 Bur-

517 3047 838 3143 gundiae
917 3045 1325 3145 civitatem,
1395 3048 1597 3121 iuxta
1664 3049 2103 3120 Rhodanum
2170 3047 2390 3121 sitam
2466 3046 2690 3120 venit.

516 3149 772 3245 Ibique
823 3147 917 3219 de
968 3146 1163 3220 bello
1201 3147 1669 3246 suscipiendo
1709 3148 2152 3244 deliberans,
2207 3147 2455 3245 copias
2510 3170 2692 3243 quas

523 3299 570 3369 1)
608 3297 693 3353 De
749 3305 988 3352 torrente
1026 3299 1131 3353 isto
1170 3318 1338 3371 prope
1377 3296 1696 3354 Oldenbeke
1745 3317 1941 3370 pagum
1980 3299 2125 3352 haud
2164 3298 2390 3350 multum
2432 3314 2460 3350 a
2518 3296 2693 3349 sonti-

515 3372 618 3425 bus
657 3368 884 3440 Lippiae
923 3371 1241 3434 distantem,
1299 3372 1393 3443 qui
1442 3374 1550 3425 iam
1604 3373 1725 3425 sons
1764 3388 1990 3425 resonus
2044 3372 2140 3424 der
2175 3369 2488 3423 Bullerborn
2523 3368 2691 3432 audit,

520 3444 592 3499 cf.
628 3441 1037 3513 Furstenbergii
1074 3444 1335 3513 principis
1372 3442 1723 3498 Monumenta
1761 3441 2093 3497 Paderborn.
2132 3459 2184 3513 p.
2222 3443 2330 3499 216
2369 3459 2484 3512 sqq.
2525 3439 2692 3496 Cuius

519 3516 684 3570 fontis
710 3523 902 3568 natura
943 3534 1064 3569 cum
1090 3516 1161 3570 ita
1198 3525 1503 3588 comparata
1543 3517 1627 3580 sit,
1667 3524 1725 3570 ut
1763 3532 1886 3569 eum
1924 3516 2098 3585 ipsum
2125 3523 2419 3567 torrentem
2446 3524 2691 3568 nostrum

518 3606 638 3643 csse
676 3587 950 3657 ambigere
987 3606 1097 3641 non
1134 3589 1325 3652 liceat,
1384 3586 1639 3641 Irminsul
1690 3604 1906 3657 quoque
1957 3605 2065 3639 non
2102 3583 2401 3656 Eresburgi
2450 3587 2546 3641 sed
2585 3586 2693 3639 ali-

519 3670 652 3734 quot
687 3675 943 3730 passuum
981 3660 1221 3714 millibus
1260 3678 1291 3712 a
1318 3659 1544 3732 L'ippiae
1585 3659 1822 3713 fontibus
1862 3661 2124 3714 orientem
2161 3667 2216 3712 et
2243 3660 2524 3712 meridiem
2563 3675 2694 3712 ver-

517 3752 608 3788 sus
660 3734 963 3786 constitisse
1017 3740 1178 3803 patet.
1268 3731 1414 3787 Hinc
1466 3745 1521 3787 et
1568 3731 1821 3786 Irminsul
1872 3733 1987 3786 sive
2023 3730 2315 3785 Ermensul
2353 3730 2541 3785 lrmini
2580 3731 2693 3784 sive

517 3804 752 3858 Arminii
802 3805 1107 3859 columnam
1163 3805 1362 3869 fuisse,
1421 3815 1474 3860 et
1528 3824 1713 3860 verum
1751 3803 2020 3859 Varianae
2073 3803 2241 3857 cladis
2288 3804 2469 3857 locum
2509 3801 2692 3854 doceri

514 3878 801 3931 videmur.·
866 3875 1088 3949 Signum
1126 3896 1257 3933 vero
1296 3879 1615 3932 immortalis
1650 3878 1832 3931 herois
1871 3886 1923 3932 et
1959 3876 2143 3930 sanum
2186 3876 2240 3928 in
2279 3895 2387 3948 quo
2425 3874 2694 3929 consiste-

516 3959 629 4015 ret,
682 3967 906 4019 magnae
944 3952 1113 4005 fuisse
1151 3951 1338 4015 molis,
1397 3951 1466 4004 ita
1530 3959 1587 4004 ut
1626 3950 1707 4005 vel
1747 3948 1912 4003 hodie
1951 3950 2067 4003 eius
2108 3949 2452 4003 fundamenta
2493 3961 2694 4015 super-

519 4030 719 4087 essent,
756 4039 823 4078 ex
861 4040 927 4077 eo
964 4023 1252 4094 colligitur,
1292 4023 1436 4095 quod
1460 4023 1695 4076 Karolus
1733 4039 1856 4076 cum
1897 4031 2008 4077 toto
2047 4020 2286 4077 exercitu
2327 4036 2428 4072 suo
2456 4017 2691 4071 triduum

520 4096 589 4149 ad
625 4095 801 4149 minus
839 4094 896 4148 in
935 4096 1052 4149 eius
1089 4096 1458 4151 destructione
1495 4096 1844 4168 consumpsit.
1990 4094 2043 4167 2)
2083 4091 2406 4157 Thionville‚
2444 4088 2693 4143 Dieden-

518 4167 703 4223 hosen.
852 4166 903 4239 3)
943 4164 1094 4223 Gens
1099 4209 1113 4233 ,
1154 4166 1392 4224 Geneve.
