3027 4904
519 363 568 434 2
1146 359 1596 434 EINHARDI
1651 358 2083 434 ANNALES

523 539 976 636 habuerunt,
1041 539 1450 614 diviserunt
1498 542 1693 615 inter
1743 564 1826 614 se
1879 541 1949 612 in
2005 542 2167 613 loco
2222 541 2344 638 qui
2397 551 2703 614 vocatur

523 641 750 715 Vetus
782 637 1180 712 Pictavis1:
1236 641 1649 738 eodemque
1704 665 1895 712 anno
1950 653 2343 738 postquam
2397 642 2699 713 domum

526 739 851 836 regressi
916 751 1122 835 sunt,
1188 741 1734 812 Karlomannus
1801 741 2314 813 Alamanniam
2385 764 2573 837 quae
2624 749 2702 811 et

528 841 685 938 ipsa
753 863 795 910 a
863 839 1314 912 Francorum
1379 841 1728 912 societate
1784 839 2196 934 defecerat,
2271 865 2439 913 cum
2493 864 2699 912 exer-

529 941 674 1013 citu
726 938 1155 1035 ingressus,
1224 941 1424 1011 ferro
1479 952 1554 1013 et
1605 938 1757 1035 igni
1811 941 2143 1012 vastavit.

679 1037 843 1112 743.
919 1039 1466 1111 Karlomannus
1551 1048 1628 1110 et
1702 1037 2052 1135 Pippinus
2127 1037 2394 1110 iunctis
2470 1035 2700 1134 copiis

528 1149 780 1210 contra
835 1134 1228 1210 Odilonem
1283 1138 1548 1210 ducem
1585 1137 2094 1211 Baioariorum
2146 1137 2458 1236 profecti
2502 1147 2700 1231 sunt,

524 1237 955 1337 proelioque
1028 1238 1425 1310 commisso
1499 1237 1904 1310 exercitum
1958 1239 2116 1309 eius
2169 1238 2555 1330 fuderunt3
2632 1246 2705 1307 et

525 1349 920 1436 postquam
973 1337 1144 1409 inde
1186 1336 1466 1409 reversi
1520 1348 1716 1430 sunt7
1769 1338 2317 1409 Karlomannus
2374 1339 2578 1409 solus
2629 1335 2702 1404 in

528 1436 923 1515 Saxoniam
992 1437 1370 1534 profectus
1442 1445 1592 1529 est,
1674 1445 1747 1506 et
1813 1447 2137 1508 castrum
2190 1436 2386 1532 quod
2440 1436 2705 1507 dicitur

528 1533 1070 1630 Hohseoburg²
1124 1545 1199 1607 et
1237 1536 1310 1607 in
1353 1559 1442 1607 eo
1476 1533 2014 1607 Theodericum
2056 1535 2451 1631 Saxonem⁷
2506 1533 2701 1605 illius

528 1635 669 1708 loci
726 1634 1191 1732 primarium,
1246 1634 1319 1705 in
1376 1633 1828 1706 deditionem
1883 1634 2184 1733 accepit.

678 1734 848 1809 744.
928 1735 1114 1807 Item
1167 1733 1366 1804 idem
1417 1735 1688 1806 fratres
1740 1735 2282 1809 Karlomannus
2336 1744 2410 1804 et
2460 1728 2703 1826 Pippi-

527 1857 667 1905 nus
732 1834 978 1906 iuncta
1047 1857 1289 1926 manu
1345 1833 1746 1905 Saxoniam
1817 1834 2135 1929 ingressi
2208 1842 2421 1926 sunt,
2491 1852 2703 1928 prae-

530 1933 952 2030 dictumque
991 1931 1531 2005 Theodericum
1567 1933 1835 2005 iterum
1877 1934 1949 2005 in
1995 1933 2445 2005 deditionem
2500 1952 2703 2002 acce·

525 2045 815 2131 perunt.
1192 2071 1197 2075 <
2316 2067 2320 2071 ·

681 2129 894 2205 745.3
960 2131 1132 2203 Hoc
1185 2154 1374 2202 anno
1427 2132 2008 2226 Karlomannus,
2074 2130 2268 2227 quod
2338 2130 2462 2201 diu
2534 2138 2706 2201 ante

528 2230 1108 2328 praemeditatus
1144 2242 1282 2326 est⁷
1337 2230 1688 2326 patefecit
1724 2231 1935 2313 fratri
1988 2255 2123 2302 suo
2166 2230 2494 2326 Pippino,
2546 2250 2705 2299 sae·

532 2331 858 2402 cularem
914 2329 1553 2403 conversationem
1625 2353 1705 2402 se
1772 2331 1969 2402 velle
2025 2330 2393 2402 dimittere
2449 2337 2526 2399 et
2575 2327 2705 2415 ha-

531 2429 691 2503 bitu
741 2431 1170 2504 monachico
1226 2429 1380 2503 Deo
1435 2429 1739 2503 servire.
1846 2431 2156 2527 Propter
2207 2430 2349 2503 hoc
2402 2427 2707 2500 dimissa

532 2531 1001 2628 expeditione
1074 2531 1244 2602 anni
1305 2530 1759 2628 praesentis,
1840 2531 1931 2602 ad
2002 2542 2175 2616 vota
2225 2527 2706 2602 Karlomanni

531 2628 978 2727 perficienda
1033 2642 1106 2701 et
1160 2631 1300 2700 iter
1350 2629 1550 2701 illius
1606 2630 2144 2728 disponendum
2197 2669 2297 2680 —
2349 2652 2523 2700 nam
2565 2628 2706 2698 Ro-

534 2752 736 2801 mam
805 2727 1167 2824 proficisci
1239 2739 1599 2800 statuerat
1675 2769 1772 2780 —-
1842 2741 1919 2802 et
1968 2728 2317 2826 Pippinus
2370 2724 2705 2819 vacabat,

445 2822 448 2832 ’
533 2828 716 2901 dans
772 2839 1100 2924 operam,
1151 2839 1233 2899 ut
1288 2828 1516 2899 frater
1559 2826 1963 2900 honorifice
2017 2852 2101 2900 ac
2156 2827 2502 2900 decenter
2551 2826 2706 2921 illo,

535 2926 1236 3026 quo'desiderabat³
1303 2927 1745 3024 perveniret.
1957 2957 1958 2960 ¹

683 3027 852 3099 746.
931 3028 1474 3099 Karlomannus
1540 3028 1854 3099 Romam
1906 3028 2328 3122 profectus,
2402 3023 2710 3097 dimissa

533 3127 891 3199 saeculari
945 3128 1183 3223 gloria
1235 3127 1568 3199 habitum
1620 3127 1956 3221 mutavit,
2012 3137 2088 3198 et
2139 3127 2212 3198 in
2266 3137 2518 3197 monte
2574 3124 2707 3195 So-

534 3222 762 3298 racti4
797 3228 1328 3301 monasterium
1373 3226 1447 3298 in
1473 3228 1837 3300 honorem
1871 3227 2104 3299 sancti
2141 3224 2477 3298 Silvestri
2509 3220 2707 3294 aedi-

532 3324 814 3421 ficavit,
884 3325 1006 3397 ubi
1063 3327 1431 3423 quondam
1497 3329 1836 3423 tempore
1889 3323 2465 3423 persecutionis,
2520 3345 2707 3419 quae

541 3491 586 3561 1)
624 3490 1096 3548 Vieux—Poitiers
1136 3495 1203 3547 ad
1223 3491 1502 3559 Clennum‚
1543 3512 1653 3548 non
1690 3494 1853 3565 longe
1893 3494 1959 3547 ab
2000 3494 2115 3547 eius
2156 3503 2210 3547 et
2244 3492 2527 3563 Vigennae
2566 3510 2709 3546 con-

533 3565 842 3618 fluentibus
985 3566 1038 3634 2)
1078 3564 1517 3637 Hoch-Seeburg
1554 3566 1609 3619 in
1648 3584 1786 3636 pago
1825 3563 2001 3620 Hohsi
2026 3569 2052 3630 ,’
2078 3567 2187 3619 iam
2226 3564 2472 3636 Seeburg
2507 3566 2565 3619 in
2604 3582 2708 3619 co-

536 3637 723 3691 mitatu
778 3636 1171 3701 Mansseldico‚
1211 3639 1279 3691 ad
1334 3639 1566 3692 confinia
1607 3636 1875 3693 Saxoniae
1930 3648 1985 3693 et
2020 3637 2352 3709 Thuringiae
2394 3638 2703 3700 Francicae‚

537 3710 679 3762 inter
717 3710 1050 3763 occidentem
1101 3719 1154 3764 et
1191 3712 1471 3766 meridiem
1513 3710 1688 3766 Halae
1736 3710 2027 3766 Saxonum.
2208 3711 2260 3780 3)
2300 3711 2537 3765 narratio
2578 3710 2703 3763 anni

530 3784 642 3838 745
682 3782 945 3836 excidisse
982 3783 1222 3848 videtur,
1261 3801 1385 3836 nam
1423 3802 1562 3855 quae
1600 3785 1705 3837 iam
1745 3793 2042 3856 sequuntur
2077 3800 2188 3837 non
2227 3786 2381 3837 annis
2418 3786 2543 3845 745,
2580 3784 2704 3844 746,

536 3856 661 3917 747,
720 3856 844 3919 748,
885 3859 1009 3921 749,
1050 3861 1156 3913 750
1205 3856 1301 3910 sed
1359 3858 1709 3928 sequentibus
1757 3860 1883 3922 746,
1924 3860 2049 3920 747,
2088 3860 2214 3920 748,
2254 3860 2378 3920 749,
2417 3859 2540 3917 750,
2599 3857 2701 3911 751

533 3925 859 3996 adsignanda
898 3937 1037 3982 sunt.
1113 3925 1196 3981 Cf.
1234 3927 1472 3983 Annales
1508 3930 1719 3991 breveS‚
1758 3938 1812 3983 et
1847 3930 2212 3983 narrationem
2252 3930 2318 3982 de
2356 3925 2707 3980 translatione

533 4000 707 4052 sancti
745 3998 1002 4056 Germani
1041 4002 1185 4072 apud
1222 4000 1474 4073 Bouquet
1508 3999 1575 4054 V.
1614 4004 1738 4066 42¹6,
1778 4020 1884 4074 qua
1922 4010 2210 4058 eventuum
2248 4002 2416 4055 series
2458 4005 2707 4052 accurate

534 4070 806 4127 definitur.
969 4072 1021 4144 4)
1062 4075 1445 4130 monasterium
1482 4075 1595 4129 San
1628 4075 1883 4130 silvestro
1936 4076 1996 4130 in
2033 4082 2213 4130 monte
2251 4069 2495 4136 soracti,
2547 4087 2706 4143 quem

535 4139 767 4199 Romani
803 4152 976 4202 monte
1016 4146 1200 4204 Oreste
1237 4155 1460 4213 vocant,
1509 4146 1783 4221 hodieque
1819 4156 1979 4203 extat.
