3027 4904
1014 410 1019 413 .
1090 353 1203 424 fA.
1259 353 1424 427 791.
1481 351 1651 426 792.
1775 386 1780 393 «
2372 357 2505 452 35*

294 533 759 629 Cumeoberg
823 535 1018 609 vallo
1085 531 1513 607 firmissimo
1551 545 1730 608 -erat
1781 546 2198 633 exstructa,
2267 539 2467 612 ferro

291 646 368 708 et
453 633 610 730 igni
679 647 937 708 cuncta
1016 644 1420 708 vastantur.
1547 634 1879 731 Cumque
1944 658 2075 708 rex
2141 661 2311 709 cum
2375 661 2465 712 eo

291 757 512 830 quem
559 734 1228 809 ducebat-exercitu
1260 755 1513 837 usque
1566 733 1661 804 ad
1696 732 2137 808 Arrabonis¹
2188 736 2468 812 fluenta

288 833 668 929 venisset,
703 836 1140 924 transmisso
1196 833 1463 906 eodem
1515 830 1785 929 fluvio,
1839 848 1975 932 per
2024 835 2261 932 ripam
2307 837 2466 911 eius

289 957 526 1030 usque
590 934 683 1006 ad
718 932 1134 1008 .locum³÷in
1204 957 1345 1029 quo
1396 931 1481 1005 is
1508 932 1868 1006 ‘Danubio
1938 934 2294 1008 miscetur
2350 961 2466 1010 ac-

293 1033 565 1129 cessit,
607 1034 854 1130 ibique
910 1058 1042 1132 per
1093 1031 1604 1130 aliquot-dies
1637 1032 1924 1108 stativis
1975 1034 2279 1132 habitis,
2334 1060 2469 1134 per

292 1131 672 1206 Sabariam
690 1131 734 1193 ²:
776 1133 1047 1207 reverti
1103 1131 1374 1208 statuit.
1424 1194 1429 1198 .
1475 1132 1681 1205 Alias
1732 1134 2254 1233 vero2copias,
2308 1136 2467 1233 qui-

289 1228 1021 1306 bus³Theodoricum
1070 1242 1152 1315 et
1199 1231 1724 1328 Meginfi·idum
1790 1237 2274 1331 praefecerat,
2329 1259 2466 1334 per

247 1329 772 1428 -Beehaimo's,
841 1333 960 1405 via
1012 1356 1171 1429 qua
1206 1343 1630 1428 venerant,
1715 1332 1992 1406 reverti
2067 1338 2462 1433 praecepit.

288 1431 416 1503 Sic
446 1443 839 1528 peragrata
891 1457 978 1506 ac
1023 1434 1404 1506 devastata
1456 1456 1729 1528 magna
1780 1445 1989 1531 parte
2020 1434 2464 1530 Pannoniae,

288 1553 455 1603 cum
508 1531 854 1628 incolomi
894 1533 1228 1605 exercitu
1282 1533 1730 1605 Francorum
1764 1533 1856 1603 -in
1907 1532 2323 1606 Baioariam
2367 1558 2463 1606 >se

288 1631 625 1727 recepit..
711 1632 1044 1706 Saxones
1106 1645 1367 1706 ¹autem
1440 1642 1515 1704 et
1567 1630 1939 1705 Frisiones
2010 1657 2176 1704 cum
2230 1634 2466 1706 Theo-

287 1728 536 1803 dorico
616 1742 691 1804 et
769 1732 1212 1828 Meginfrido
1276 1755 1411 1828 per
1479 1730 1963 1827 Beehaimos,
2036 1744 2115 1806 ut
2180 1730 2466 1805 iussum

285 1841 488 1926 erat,
542 1830 848 1907 domum
899 1832 1225 1928 regressi
1280 1841 1466 1903 sunt.
1572 1830 1792 1921 Facta
1843 1842 1959 1904 est
2008 1832 2191 1904 haec
2244 1856 2463 1930 expe-

286 1929 464 2003 ditio
508 1931 696 2003 vsine
761 1933 961 2004 omni
1030 1953 1283 2004 rerum
1345 1929 1855 2026 incommode,
1921 1931 2465 2028 praeterquod

284 2030 357 2100 in
411 2030 539 2102 illo
576 2028 815 2126 Tquem
867 2056 994 2103 rex
1038 2030 1363 2104 'ducebat
1417 2029 1787 2124 exercitu,
1848 2041 2053 2102 tanta
2106 2055 2465 2126 equorum

287 2125 451 2200 lues
503 2126 967 2224 exorta‘1est,
1014 2141 1098 2202 ut
1145 2126 1267 2202 vix
1310 2127 1594 2200 decima
1647 2151 1822 2225 pars
1875 2129 1968 2200 de
2022 2140 2132 2202 tot
2166 2129 2463 2203 milibus

289 2251 655 2324 equorum·
725 2224 1205 2304 remansisse·
1240 2229 1557 2301 dicatur.
1613 2280 1616 2285 ·
1691 2227 1860 2325 Ipse
1939 2238 2190 2301 autem
2267 2253 2460 2326 oum,

287 2326 621 2401 dimissis*
668 2328 968 2428 copiis,
1051 2329 1432 2423 Reginum
1509 2326 1924 2420 civitatem,
2004 2351 2190 2424 quae
2268 2353 2464 2400 nunc

286 2427 821 2523 Reganesburg
871 2426 1222 2522 vocatur,
1274 2427 1650 2522 venisset,
1702 2436 1781 2499 et
1831 2425 1907 2497 in
1961 2449 2049 2498 ea
2101 2427 2461 2500 hiematu-

287 2523 414 2600 rus
492 2527 1020 2623 consedisset,·
1068 2524 1188 2599 ibi
1230 2551 1241 2570 ³
1265 2528 1589 2599 natalem
1665 2522 1959 2600 Domini
2038 2536 2113 2598 et
2187 2527 2461 2624 pascha

287 2623 709 2699 celebravit.
774 2671 781 2686 ι
874 2633 879 2652 ²
1044 2623 1047 2626 ’
1527 2649 1532 2656 “
1841 2651 1846 2662 ·
1917 2655 1920 2658 ⁷
2253 2653 2258 2656 ²

436 2752 603 2827 792.
687 2744 1061 2844 orgellis³
1139 2758 1254 2820 est
1329 2746 1586 2819 civitas
1647 2744 1729 2816 'in
1809 2744 2101 2839 Pyrinei
2187 2744 2461 2819 montis

286 2843 481 2944 iugo
527 2849 708 2946 sita,
786 2847 992 2922 cuius
1061 2845 1450 2945 episcopus
1505 2846 1806 2919 nomine
1857 2844 2096 2941 Felix,
2163 2847 2461 2918 natione

285 2948 690 3045 HispanuS,
746 2947 834 3018 ab
890 2945 1582 3044 Elipando,³Toleti
1637 2944 2029 3044 episcop0,
2082 2959 2217 3042 per
2259 2946 2461 3017 litte-

285 3071 411 3120 ras
479 3048 897 3142 consultus,
979 3046 1150 3143 quid
1223 3046 1314 3116 de
1368 3045 1826 3126 humanitate
1896 3042 2287 3116 salvatoris
2341 3043 2461 3116 dei

285 3159 361 3220 et
401 3145 690 3219 'domini
745 3145 976 3218 nostri
1009 3145 1174 3217 lesu
1196 3143 1477 3217 Christi
1511 3143 1785 3225 sentire
1829 3141 2168 3238 deberet,
2212 3151 2461 3214 utrum

289 3246 694 3320 secundum
768 3244 842 3316 id
895 3243 1088 3342 quod
1142 3244 1366 3315 homo
1423 3252 1573 3338 est,
1635 3241 1977 3338 proprius
2032 3264 2122 3311 an
2178 3240 2459 3338 adopti-

284 3371 420 3417 vus
472 3346 609 3419 Dei
677 3344 871 3420 filius
925 3343 1336 3417 credendus
1388 3354 1590 3416 esset
1641 3366 1725 3413 ac
1779 3340 2168 3436 dicendu5,
2240 3341 2461 3413 valde

285 3444 574 3517 incaute
651 3458 868 3543 atque
945 3443 1525 3534 inconsiderate,
1606 3451 1681 3514 et
1757 3451 2013 3515 contra
2083 3439 2461 3537 antiquam

289 3544 694 3620 catholicae
749 3544 1106 3617 ecclesiae
1159 3544 1608 3639 doctrinam,
1664 3539 2091 3638 adoptivum
2145 3564 2292 3612 non
2340 3564 2458 3613 so-

287 3645 442 3715 lum
508 3642 1043 3741 pronuntiavit,
1115 3643 1246 3715 sed
1319 3643 1542 3715 etiam
1594 3640 1880 3736 scriptis
1947 3640 2044 3711 ad¹
2094 3662 2457 3711 memora-¹

287 3755 447 3817 tum
501 3742 926 3841 episcopum
962 3742 1192 3839 libris,
1247 3753 1518 3840 quanta
1570 3740 1810 3839 potuit
1842 3738 2244 3840 pertinacia
2293 3761 2458 3835 pra-

287 3913 631 3985 impenatoris
684 3920 738 3966 et
773 3910 1112 3970 zuentibaldi
1150 3911 1480 3984 colloquium
1521 3920 1703 3966 monte
1742 3907 2004 3963 Comiano
2056 3905 2109 3978 (i.
2147 3924 2195 3961 e.
2231 3891 2461 3966 Cumed-

290 3985 428 4057 berq)
466 4003 638 4057 prope
676 3983 948 4046 Tullinam
986 3993 1312 4050 memorant,
1365 3986 1509 4056 quod
1564 3984 1787 4037 minime
1825 3981 1882 4033 in
1917 3980 2094 4034 vicum
2132 3979 2460 4050 Kaumberg,

291 4059 560 4113 montibus
599 4078 628 4113 a
667 4058 815 4114 sonte
853 4056 1104 4111 Tullinae
1143 4058 1455 4121 discretum,
1492 4057 1696 4127 optime
1736 4061 1914 4110 autem
1953 4053 2008 4105 in
2039 4052 2460 4123 Konigsstiidten

290 4132 529 4201 quadrat.
682 4132 732 4200 1)
773 4133 857 4185 die
893 4131 1057 4185 Raab.
1204 4129 1256 4198 2)
1295 4127 1524 4184 Sat-war.
1674 4124 1725 4196 3)
1762 4124 1841 4182 La
1878 4124 1985 4186 Seo,
2023 4123 2256 4196 d’Urgel.
2305 4181 2310 4188 ,

1782 4236 1893 4308 3*
