3027 4904
556 386 654 440 -ιν
1177 380 1628 461 ElNHARDI
1681 386 2134 460 ANNALES.

583 591 832 640 corum
884 568 985 638 ad
1039 590 1307 640 annum
1358 570 1506 642 774
1558 568 1672 664 §§.
1724 568 2139 642 127-133.
2196 567 2471 639 obiecta
2528 567 2748 638 brevi-

584 675 692 739 ter
743 666 1189 760 refellamus,
1260 667 1425 760 illa,
1498 671 1612 741 cui
1654 667 2041 761 plurimum
2094 667 2367 762 tribuit,
2439 688 2756 761 quaeque

584 766 694 838 vel
718 766 1211 838 Mabillonium
1262 768 1456 838 initio
1512 767 1950 862 abripuerat,
2002 768 2332 838 narratio
2369 765 2455 837 de
2506 787 2755 837 mona-

586 868 782 938 sterii
847 866 1480 938 Laureshamensis
1558 869 2090 939 consecratione
2169 888 2361 936 anno
2440 864 2610 957 774,
2689 865 2757 934 in

591 964 916 1038 omnibus
978 965 1336 1060 hucusque
1399 965 1847 1061 editionibuS‚
1917 966 2425 1059 Nuenariana.‚
2506 960 2757 1034 Frehe-

588 1067 844 1158 riana,
901 1064 1302 1136 Chesniana
1323 1121 1344 1158 ,
1421 1066 1923 1160 Bouquetiana
1976 1071 2046 1136 et
2093 1063 2376 1158 reliquis
2427 1062 2590 1134 inde
2642 1062 2756 1133 de-

489 1232 516 1246 x
589 1165 841 1241 rivatis
877 1166 1284 1260 conspicua,
1314 1188 1389 1235 <a
1440 1164 1632 1235 nullo
1689 1166 1974 1236 omnino
2028 1162 2269 1235 codice
2324 1162 2756 1256 aynoscitur‚

586 1262 716 1335 sed
778 1262 1243 1335 Nuenariano
1315 1262 1494 1334 libro
1565 1288 1613 1335 a
1665 1263 2020 1335 monacho
2086 1261 2400 1357 quodam
2452 1263 2756 1332 Laures-

587 1360 908 1433 hamensi
974 1365 1243 1434 inserta
1313 1369 1418 1433 est
1425 1389 1454 1453 ‚-
1526 1365 1693 1457 quin
1757 1365 1971 1435 immo
2026 1385 2153 1434 nec
2201 1363 2505 1450 fontem,
2571 1359 2757 1431 unde

590 1484 751 1531 eam
817 1463 1121 1555 accepit,
1190 1464 1649 1557 iqnoramus‚
1714 1484 1928 1557 quum
1992 1460 2292 1532 eandem
2333 1459 2553 1554 plane
2605 1481 2756 1530 sen-

589 1561 883 1631 tentiam
933 1562 1007 1630 in
1060 1560 1441 1632 annalibus
1471 1560 2053 1633 Laurissensibus
2091 1560 2481 1632 minoribus
2523 1560 2760 1645 efferri

588 1659 1128 1730 meminerimus,
1257 1659 1373 1730 Ita
1439 1665 1509 1729 et
1571 1660 1805 1731 altera
1872 1659 1999 1731 illa
2066 1661 2411 1730 sententia
2463 1660 2535 1728 in
2587 1658 2756 1728 Ein-

591 1756 806 1829 hardi
884 1756 1169 1829 laudem
1247 1760 1645 1852 composita
1723 1759 2135 1831 Heinardus
2213 1758 2325 1830 sui
2405 1757 2759 1853 temporis

592 1855 1210 1954 prudentissimus
1280 1856 1608 1929 virorum
1679 1871 1976 1931 sanctae
2044 1857 2458 1929 devotionis
2509 1856 2760 1928 incita-

588 1967 705 2027 tus
760 1956 1021 2028 ardore
1076 1963 1200 2028 etc.
1257 1980 1476 2050 quam
1519 1956 1616 2028 'in
1664 1957 1965 2030 Reuberi
2015 1957 2312 2029 editione
2369 1978 2560 2026 anno
2613 1956 2761 2029 827

588 2054 918 2149 leqimus,
990 2079 1075 2126 ea·
1142 2059 1482 2148 anonymi
1551 2058 1696 2128 vita
1767 2057 2164 2128 Hludowici
2212 2056 2322 2127 Pii
2390 2054 2762 2147 depromta

589 2160 708 2225 est.
821 2154 1219 2248 Praecipuo
1285 2157 1500 2249 iyitur
1588 2157 1840 2229 Cointii
1907 2160 2328 2249 arqumento
2400 2152 2762 2247 convulso,

592 2254 763 2348 quid
812 2253 1085 2348 reliqua
1143 2253 1235 2325 ab
1289 2278 1370 2326 eo
1426 2255 1660 2326 allata
1711 2255 2034 2348 valeant,
2088 2253 2407 2324 iudicare
2449 2252 2763 2346 proclive

589 2359 708 2423 est.
827 2352 912 2424 In
961 2353 1040 2424 id
1088 2355 1272 2424 enim
1321 2353 1648 2448 redeunt,
1716 2354 1910 2449 quod
1970 2357 2155 2425 vitae
2220 2359 2475 2423 auctor
2523 2352 2757 2445 Pippi-

548 2450 757 2523 'num
808 2476 856 2525 a
883 2450 1247 2547 Stephano
1287 2478 1494 2548 papa
1532 2461 1978 2548 coronatum,
2033 2452 2119 2526 de
2162 2452 2403 2526 Caroli
2452 2454 2763 2538 infantia

588 2550 760 2622 nihil
833 2552 966 2623 sibi
1033 2560 1510 2647 compertum,
1588 2555 2198 2626 Carolomannum
2262 2552 2535 2624 biennio
2598 2557 2768 2645 post

589 2652 788 2744 reqni
855 2653 966 2723 sui
1033 2654 1234 2724 initia
1288 2653 1581 2747 obiisse,
1660 2660 1727 2725 et
1777 2655 2054 2726 biennio
2103 2658 2276 2745 post
2322 2651 2765 2722 Saxonicum

470 2831 481 2836 „
591 2750 1222 2843 Lanqobardicum
1261 2752 1512 2823 bellum
1549 2754 1888 2846 incepisse
1919 2753 2135 2845 dicat,
2192 2749 2558 2821 annalista
2597 2772 2762 2821 vero

587 2848 1026 2942 Zachariam
1086 2874 1367 2944 papam
1434 2854 1677 2946 reqiae
1747 2851 2112 2946 diqnitatis
2163 2850 2459 2942 Pippino
2522 2850 2762 2933 confe-

591 2947 858 3020 rendae
923 2955 1288 3021 auctorem
1356 2952 1761 3046 praedicet,
1840 2974 1967 3021 nec
2053 2948 2391 3020 Carolum
2459 2971 2764 3041 puerum

589 3070 736 3119 una
789 3070 947 3118 cum
993 3055 1206 3141 patre
1238 3055 1686 3142 coronatum,
1740 3056 1868 3121 n'ec
1916 3048 2524 3122 Carolomannum
2570 3070 2764 3118 anno

590 3147 729 3217 771
787 3148 963 3231 fatis
1029 3152 1456 3222 concessisse
1508 3152 1816 3244 iynoret‚
1889 3155 1958 3220 et
2024 3148 2181 3221 belli
2229 3146 2768 3241 Lanqohardici

580 3246 1008 3338 principium
1045 3247 1148 3318 ad
1200 3271 1465 3319 annum
1523 3249 1666 3322 773
1724 3252 2039 3335 referat:
2093 3270 2275 3340 quae
2313 3245 2572 3317 nullius
2611 3269 2764 3317 mo-

588 3345 803 3414 menti
855 3367 1005 3417 esse
1054 3346 1268 3431 facile
1319 3346 1744 3440 intelliqitur.
1853 3348 2121 3418 Contra
2173 3369 2334 3416 cum
2386 3344 2763 3438 modestia,

589 3442 719 3513 tali
767 3444 919 3515 viro
974 3444 1237 3540 diyna,
1291 3469 1433 3540 qua
1486 3445 1854 3517 annalista
1908 3467 2099 3515 anno
2146 3445 2293 3518 827
2345 3443 2765 3517 translatio-

586 3544 696 3613 nis
744 3550 1159 3619 sanctorum
1212 3543 1610 3616 Marcellini
1676 3550 1746 3614 et
1809 3544 2034 3615 Petri
2069 3547 2436 3614 auctorem
2501 3546 2764 3637 reticet,

587 3663 803 3736 quum
854 3649 1092 3714 tamen
1147 3666 1338 3714 anno
1390 3644 1540 3718 826
1581 3644 1655 3713 in
1709 3667 1785 3714 re
1818 3642 2028 3714 simili
2068 3641 2487 3715 Hilduinum
2535 3646 2763 3715 nomi-

587 3743 932 3835 navisset,
988 3765 1268 3837 quaque
1321 3765 1513 3814 anno
1542 3743 1692 3816 806
1737 3765 1993 3814 nomen
2044 3765 2251 3813 suum
2300 3749 2580 3815 tantum
2617 3765 2767 3813 non

580 3839 795 3932 plane
846 3840 1259 3913 intercidere
1303 3844 1615 3934 patitur,
1689 3847 1837 3913 tum
1904 3848 2060 3913 tota
2115 3842 2348 3935 operis
2398 3842 2765 3931 institutio,

587 3940 810 4031 stylus
860 3940 1079 4012 multo
1137 3942 1393 4034 purior
1453 3940 1663 4012 solito
1735 3964 1863 4012 nec
1914 3942 2050 4012 nisi
2101 3965 2260 4012 cum
2312 3944 2456 4011 vita
2509 3939 2770 4010 Karoli

587 4038 1090 4131 conferenduS,
1164 4040 1415 4112 eadem
1478 4039 1759 4111 videndi
1824 4064 1913 4111 ac
1982 4039 2340 4111 narrandi
2408 4042 2633 4131 ratio,
2718 4063 2768 4109 a

589 4137 871 4231 reliquis
922 4139 1069 4207 eius
1122 4141 1277 4210 aevi
1313 4139 1774 4233 scriptoribus
1818 4141 2035 4233 plane
2091 4139 2348 4230 aliena,
2402 4137 2530 4208 sed
2580 4160 2767 4231 quae
