3027 4904
520 335 617 407 72
1135 329 1586 404 EINHARDI
1638 328 2070 402 ANNALES

522 538 691 587 cum
756 515 1161 611 imperator
1226 512 1318 585 ab
1372 510 1727 606 ecclesia,
1799 521 2096 611 peracto
2159 533 2402 583 sacro
2423 511 2698 610 officie,

525 627 937 706 remearet,
1030 614 1274 708 lignea
1371 610 1753 709 porticus
1745 636 1906 709 per
1982 633 2201 707 quam
2285 611 2699 709 incedebat,

524 737 692 786 cum
761 726 834 786 et
903 713 1148 808 fragili
1216 712 1527 785 materia
1609 723 1806 784 esset
1873 708 2299 805 aedificata,
2379 721 2466 782 et
2524 723 2699 784 tunc

524 813 674 885 iam
745 811 1069 884 marcida
1139 823 1212 885 et
1282 812 1741 908 putrefacta,
1808 832 1996 906 quae
2068 810 2698 904 contignationem

524 923 599 984 et
652 910 1059 985 tabulatum
1112 909 1609 1001 sustinebant,
1679 919 1999 982 transtra
2055 909 2345 1005 pondus
2400 907 2698 1006 aliquod

524 1012 722 1082 ferre
774 1034 921 1083 non
976 1020 1317 1122 possent,
1396 964 1858 1080 incedentem
1925 1010 2247 1105 desuper
2296 1009 2697 1120 imperato·

524 1133 686 1181 rem
738 1108 980 1182 subita
1032 1108 1241 1181 ruina
1294 1132 1464 1179 cum
1517 1106 1778 1202 viginti
1833 1118 1907 1180 et
1960 1132 2048 1180 eo
2087 1106 2405 1204 amplius
2456 1108 2695 1180 homi-

525 1207 740 1281 nibus
817 1209 938 1305 qui
1004 1232 1151 1280 una
1229 1207 1432 1279 ibant
1497 1206 1591 1278 ad
1659 1217 1937 1278 terram
2016 1228 2252 1302 usque
2334 1206 2692 1303 deposuit.

527 1306 667 1395 Qui
721 1330 932 1380 casus
987 1331 1154 1379 cum
1206 1308 1600 1418 plerosque
1655 1329 1745 1376 ex
1797 1304 1911 1377 his
1963 1306 2084 1400 qui
2137 1305 2357 1377 simul
2406 1306 2693 1378 decide-

523 1418 691 1480 rant
740 1406 1065 1501 graviter
1117 1405 1545 1501 adfecisset,
1617 1404 1723 1475 illi
1774 1413 2025 1475 tamen
2078 1403 2262 1475 nihil
2297 1404 2496 1477 aliut
2545 1406 2695 1477 lae-

523 1504 753 1577 sionis
845 1504 1126 1600 intulit,
1230 1517 1527 1617 praeter
1620 1503 1813 1614 quod
1901 1503 2172 1615 capu-‘lo
2240 1502 2469 1597 gladii
2550 1529 2696 1601 quo

525 1603 888 1677 accinctus
956 1616 1157 1694 erat,
1234 1604 1364 1675 imi
1417 1602 1737 1714 pectoris
1808 1625 1981 1699 pars
2036 1601 2335 1674 sinistra
2388 1615 2694 1677 contusa

524 1712 679 1796 est,
746 1714 820 1775 et
870 1704 1068 1775 auris
1121 1703 1377 1773 dextra
1429 1702 1502 1773 in
1556 1713 1768 1797 parte
1820 1701 2232 1799 posteriore
2286 1702 2694 1798 vulnerata,

526 1802 766 1872 femur
791 1824 1077 1899 quoque
1114 1800 1457 1872 dextrum
1485 1801 1868 1873 cuiusdam
1899 1801 2079 1894 ligni
2134 1801 2484 1897 pondere
2500 1802 2695 1875 iuxta

522 1898 825 1994 inguina
878 1901 1259 1977 conlisum
1341 1900 1490 1974 Sed
1546 1901 1889 1973 instantia
1943 1899 2399 1972 medicorum
2452 1901 2572 1997 qui
2626 1902 2695 1973 ei

524 2022 779 2070 curam
869 1999 1355 2094 adhibebant,
1448 2023 1739 2072 summa
1832 1998 2209 2072 celeritate
2302 2001 2692 2072 convaluit.

524 2099 713 2169 Nam
777 2098 1127 2172 vicesima
1202 2111 1600 2196 postquam
1668 2100 1740 2171 id
1801 2098 2174 2172 acciderat
2238 2100 2357 2171 die
2427 2098 2696 2172 Novio-

521 2219 827 2290 magum
890 2200 1305 2295 profectus,
1383 2211 1655 2271 venatu
1722 2221 1889 2270 sese
1945 2197 2354 2271 exercebat.
2482 2198 2694 2272 Unde

523 2317 907 2391 reversuS,
977 2298 1406 2391 generalem
1458 2296 1716 2409 populi
1769 2296 1882 2369 sui
1935 2308 2381 2370 conventum
2432 2298 2693 2395 Aquis-

522 2394 733 2489 grani
786 2419 999 2469 more
1048 2395 1269 2470 solito
1323 2395 1614 2491 habuit,
1668 2395 1739 2467 in
1793 2419 1937 2493 quo
1992 2395 2240 2469 filium
2279 2421 2526 2470 suum
2548 2398 2693 2496 pri-

520 2495 980 2589 mogenitum
1010 2496 1476 2572 Hlotharium
1526 2496 1943 2588 coronavit,
1998 2509 2074 2569 et
2105 2497 2422 2576 nominis
2476 2510 2693 2594 atque

521 2592 810 2691 imperii
877 2596 989 2668 sui
1059 2597 1342 2669 socium
1406 2596 1544 2669 sibi
1599 2550 2016 2690 constituit,
2087 2606 2419 2669 caeteros
2473 2619 2707 2692 reges

520 2694 930 2789 appellatos
1024 2719 1253 2767 unum
1342 2695 1812 2792 Aquitaniae,
1918 2696 2232 2768 alterum
2312 2695 2692 2767 Baioariae

517 2792 896 2887 praefecit.
1017 2794 1398 2866 Conventu
1464 2807 1807 2891 peracto,
1876 2818 2045 2867 cum
2094 2794 2364 2888 Vosegi
2420 2794 2691 2867 saltum

517 2891 834 2961 venandi
889 2892 1125 2986 gratia
1180 2904 1507 2991 peteret,
1565 2892 1820 2966 obvios
1877 2893 2131 2966 habuit
2181 2894 2469 2989 legatos
2506 2892 2691 2966 Leo-

518 2989 632 3061 nis
686 2989 1189 3088 imperatoris,
1258 3018 1443 3090 quos
1508 3017 1675 3064 cum
1751 2993 1819 3064 in
1877 2993 2364 3088 Ingilenheim
2415 2993 2690 3090 palatio

516 3088 718 3162 iuxta
769 3091 1314 3186 Mogontiacum
1384 3090 1760 3165 civitatem
1812 3092 2177 3188 audisset,
2251 3117 2336 3164 ac
2385 3091 2691 3187 legatio-

519 3212 690 3261 nem
768 3214 1027 3274 eoium
1099 3217 1244 3265 non
1298 3191 1517 3264 aliam
1573 3216 1778 3286 esse,
1853 3192 1991 3265 nisi
2048 3216 2268 3286 quam
2324 3191 2691 3262 Niciforus

516 3288 847 3360 eiusdem
879 3291 1343 3386 imperatoris
1373 3293 1660 3385 legatus
1687 3290 2022 3388 proxime
2050 3288 2438 3382 adtulerat,
2493 3311 2690 3359 com-

513 3386 868 3483 perisset,
925 3390 1262 3460 celeriter
1314 3389 1692 3460 absolutos
1744 3387 2056 3476 dimisit,
2112 3399 2187 3459 et
2238 3411 2381 3482 quo
2437 3387 2688 3460 tende-

516 3487 642 3558 bat
692 3484 1196 3582 proficiscitur.
1326 3487 1827 3580 Nunciataque
1900 3484 2315 3557 defectione
2377 3486 2688 3559 Abodri-

515 3597 761 3656 torum
836 3596 910 3657 et
979 3584 1411 3679 Sclaomiri,
1490 3584 1883 3658 comitibus
1953 3595 2242 3658 tantum
2313 3585 2436 3681 qui
2489 3589 2686 3660 iuxta

512 3683 759 3760 Albim
823 3684 898 3755 in
949 3684 1318 3782 praesidio
1372 3685 1699 3757 residere
1750 3683 2126 3776 solebant,
2199 3695 2284 3757 ut
2330 3687 2687 3759 terminos

517 3783 654 3855 sibi
727 3785 1168 3857 commissos
1220 3796 1642 3879 tuerentur,
1721 3808 1853 3881 per
1903 3785 2237 3879 legatum
2288 3786 2684 3860 mandavit.

515 3884 752 3958 Causa
823 3884 1258 3968 defectionis
1330 3896 1531 3979 erat,
1603 3884 1800 3981 quod
1868 3884 2151 3979 regiam
2216 3896 2686 3982 potestatem,

512 4006 734 4079 quam
800 3983 1164 4057 Sclaomir
1245 4000 1560 4079 eatenus
1618 3995 1790 4081 post
1859 3995 2182 4057 mortem
2248 3985 2689 4057 Thrasconis

512 4084 716 4156 solus
769 4106 996 4181 super
1046 4083 1442 4157 Abodritos
1495 4084 1821 4176 tenebat,
1877 4108 2043 4157 cum
2099 4083 2481 4178 Ceadrago
2534 4083 2686 4156 filio
