3027 4904
567 367 662 441 34
1175 362 1630 436 EINHARDI
1683 362 2118 436 ANNALES

569 550 807 620 fectus
859 558 1012 642 est,
1065 565 1156 619 ea
1190 542 1693 638 meditatione,
1745 555 1829 617 ut
1867 545 2102 616 Hunis
2154 545 2518 618 factorum
2572 567 2741 618 suo-

571 646 1029 720 rum-vicem
1069 644 1438 741 redderet,
1493 653 1590 716 et·
1623 644 1755 740 eiS,
1811 655 2083 740 quanto
2116 645 2428 716 celeri-us
2461 658 2743 743 posset,

574 747 861 832 bellum>
894 746 1220 843 inferret.
1300 743 1765 842 comparatis
1796 744 2022 840 igitur
2074 744 2166 814 ad
2217 745 2359 817 hoc
2412 769 2501 816 ex
2539 745 2742 818 omni

575 866 805 940 regno
849 868 996 918 suo
1049 869 1270 944 quam
1321 842 1799 917 validissimis
1851 844 2120 941 copiiS,
2191 855 2265 917 et
2315 846 2745 918 commeati-

576 946 712 1018 bus
740 945 1236 1041 congregatis‚
1291 944 1633 1043 bipertito
1679 944 2001 1017 exercitu
2038 942 2178 1016 iter
2220 967 2446 1039 agere
2480 945 2746 1042 coepit.

575 1045 798 1119 Cuius
850 1057 1142 1143 partem
1193 1044 1649 1117 Theoderico
1704 1044 1953 1118 comiti
2006 1055 2084 1117 et
2134 1043 2577 1139 Meginfrido
2630 1068 2747 1117 ca-

573 1145 891 1218 merario
945 1166 1081 1218 suo
1134 1144 1651 1240 committenS,
1707 1168 1838 1217 eos
1890 1166 2026 1242 per
2076 1143 2573 1240 aquilonalem
2605 1143 2747 1216 Da-

574 1244 775 1317 nubii
827 1243 1068 1342 ripam
1121 1245 1263 1317 iter
1315 1267 1542 1339 agere
1593 1244 1824 1317 iussit.
1902 1244 2071 1341 Ipse
2126 1267 2294 1315 cum
2346 1244 2491 1317 alia
2541 1255 2748 1342 parte

574 1368 817 1441 quam·
850 1368 1105 1417 secum
1154 1345 1516 1438 retenuit,
1579 1345 1982 1416 australem
2035 1343 2371 1416 eiusdem
2421 1342 2747 1416 fluminis

575 1445 814 1541 ripam
892 1443 1348 1519 Pannoniam
1423 1440 1788 1540 petiturus
1875 1442 2297 1538 occupavit,
2393 1441 2748 1516 Baioariis

576 1568 745 1615 cum
813 1543 1350 1616 commeatibus
1405 1543 1806 1636 exercitus7
1875 1540 1998 1637 qui
2066 1540 2375 1612 navibus
2431 1541 2747 1616 devehe-

575 1642 882 1740 bantur,
962 1667 1099 1739 per
1157 1640 1578 1714 Danubium
1648 1641 1973 1713 secunda
2036 1663 2226 1737 aqua
2296 1640 2750 1714 descendere

574 1742 813 1814 iussis.
898 1741 1004 1814 Ac
1054 1740 1161 1814 sic
1210 1741 1554 1813 inchoato
1606 1739 1889 1832 itinere,
1995 1739 2187 1812 rima
2237 1750 2473 1813 castra
2527 1765 2751 1840 super

573 1837 946 1913 Anesum1
998 1841 1241 1938 posita
1293 1850 1483 1913 sunt.
1574 1839 1763 1912 Nam
1814 1839 1875 1912 is
1928 1765 2198 1912 fluvius
2249 1839 2440 1911 inter
2491 1840 2748 1914 Baioa-

575 1941 857 2013 riorum
920 1951 1140 2036 atque
1205 1942 1590 2012 Hunorum
1660 1938 2018 2012 terminos
2075 1938 2361 2011 medius
2417 1956 2749 2033 currenS,
2837 1938 2841 1943 ’

574 2051 822 2112 certus
905 2039 1219 2111 duorum
1298 2062 1703 2134 regnorum
1788 2037 2003 2113 limes
2083 2037 2512 2112 habebatur.
2639 2038 2749 2112 Ibi

575 2137 1013 2237 subplicatio
1058 2162 1195 2236 per
1230 2140 1557 2212 triduum
1609 2140 1826 2234 facta,
1883 2150 1963 2212 ut
2003 2137 2076 2210 id
2129 2138 2408 2210 bellum
2443 2163 2748 2237 prospe-

576 2261 701 2309 ros
754 2262 839 2309 ac
889 2239 1144 2331 felices
1177 2238 1486 2310 haberet
1541 2248 1872 2310 eventus.
1951 2239 2140 2309 Tum
2176 2237 2752 2311 demum'castra

575 2347 803 2432 mota,
859 2348 933 2409 et
964 2337 1243 2409 bellum
1295 2337 1500 2432 genti
1533 2338 1918 2409 Hunorum
1973 2359 2015 2407 a
2048 2334 2346 2410 Francis
2397 2336 2751 2411 indictum

576 2446 712 2510 est.
833 2436 1071 2511 Pulsis
1138 2437 1361 2534 igitur
1412 2437 1796 2534 Hunorum
1848 2435 2277 2534 praesidiiS,
2346 2461 2434 2511 ac
2484 2437 2751 2511 distru-

578 2539 712 2609 ctis
788 2538 1752 2634 munitionibus‚··”quarum
1833 2561 1980 2608 una
2050 2560 2275 2635 super
2340 2534 2754 2614 Cambum²

574 2635 914 2733 fluvium,
945 2639 1175 2709 altera
1207 2638 1406 2709 iuxta
1435 2634 1949 2732 Comagenos³
1984 2636 2361 2711 civitatem
2386 2639 2461 2710 in
2496 2648 2752 2711 monte

584 2803 631 2873 1)
672 2806 756 2858 die
793 2804 917 2858 Em.
1075 2804 1128 2876 2)
1168 2807 1265 2860 der
1299 2806 1494 2873 Kamp,
1533 2806 1590 2856 in
1628 2802 1924 2857 Bohemiae
1962 2804 2235 2857 montibus
2273 2813 2449 2866 ortus,
2503 2800 2756 2856 Claram-

579 2875 771 2929 vallem
811 2873 1007 2946 (Zwett)
1034 2876 1408 2945 praeterfluit,
1447 2884 1501 2929 et
1540 2876 1703 2944 paulo
1742 2875 1880 2928 infra
1920 2873 2224 2928 Kremisam
2255 2873 2511 2929 Danubio
2549 2875 2756 2929 misce—

579 2956 682 3002 tur.
792 2947 844 3019 3)
885 2947 1072 3001 civitas
1111 2949 1325 3020 antiqua
1367 2956 1421 3001 et
1457 2948 1516 3000 in
1552 2946 1657 3001 vita
1697 2943 2041 3001 S.-Severiui
2080 2948 2404 3020 aliquotiens
2441 2951 2753 3010 memorata,

579 3037 719 3092 quae
759 3020 863 3076 iam
903 3028 1011 3074 tota
1050 3020 1270 3076 interiit.
1342 3019 1425 3074 De
1462 3021 1571 3074 situ
1595 3020 1714 3074 eius
1753 3029 1807 3073 et
1845 3019 2039 3075 montis
2067 3017 2408 3091 Cumeoberg
2432 3020 2752 3090 disputatur,

581 3110 705 3146 nam
744 3094 839 3166 qui
876 3092 1037 3146 hodie
1074 3092 1390 3163 Kaumberg
1428 3093 1580 3145 audit
1617 3092 1796 3156 vicus,
1835 3101 1986 3145 recto
2025 3092 2223 3162 itinere
2260 3092 2499 3164 quinque
2538 3092 2603 3144 ad
2643 3092 2754 3143 mi-

580 3167 783 3218 nimum
842 3165 1071 3218 miliaria
1111 3163 1434 3219 Germanica
1473 3182 1503 3217 a
1542 3162 1797 3218 Danubio
1836 3171 2105 3228 remotuS,
2158 3166 2214 3218 in
2253 3164 2444 3219 mediis
2482 3163 2753 3215 montibus

580 3237 840 3294 consistit.
914 3234 1025 3292 Aut
1062 3238 1225 3307 igitur
1260 3238 1402 3291 viam
1441 3237 1726 3291 militarem
1767 3254 1834 3291 eo
1872 3254 2005 3290 aevo
2045 3246 2254 3291 montes
2276 3236 2570 3298 transiisse,
2610 3250 2754 3305 qua·-

581 3309 647 3362 lis
700 3307 864 3361 hodie
922 3318 975 3362 et
1026 3311 1111 3363 via
1149 3312 1254 3364 lata
1308 3327 1336 3363 a
1379 3308 1583 3381 Campo
1637 3309 1900 3363 Liliorum
1939 3307 2268 3377 (Lilienfeld)
2306 3325 2404 3377 per
2439 3305 2718 3360 Kaumber

583 3377 833 3432 Sanctam
885 3376 1113 3433 Crucem
1168 3382 1343 3446 ducit,
1399 3391 1491 3433 aut
1540 3382 1860 3435 vocabulum
1911 3377 2260 3449 Kumeoberg
2311 3379 2441 3431 olim
2487 3378 2647 3431 latius
2686 3394 2716 3430 a

578 3451 801 3503 ’ultimos
850 3451 907 3502 in
944 3450 1181 3504 Danubii
1219 3455 1336 3522 ripa
1373 3460 1583 3505 montes
1619 3470 1792 3522 usque
1840 3451 2167 3521 pertinuisse
2205 3450 2614 3504 existimandum
2654 3459 2750 3503 est.

583 3522 747 3588 Quod
785 3523 1004 3594 quidem
1043 3533 1098 3577 et
1132 3524 1256 3578 loco
1292 3533 1510 3587 nostro,
1548 3533 1601 3577 et
1639 3525 1860 3595 antiqno
1898 3523 2015 3578 viae
2053 3523 2301 3577 militaris
2337 3523 2523 3578 ductui
2558 3521 2756 3576 Danu·-

582 3597 731 3649 bium
802 3597 1147 3667 prosequenti
1211 3596 1379 3668 magis
1441 3613 1770 3667 congruum,
1859 3594 2150 3664 diplomate
2222 3593 2536 3650 Hludowici
2605 3593 2754 3650 Ger-

584 3668 794 3721 maniae
844 3668 986 3737 regis
1037 3669 1162 3720 anni
1212 3672 1319 3727 836
1369 3676 1421 3722 et
1459 3669 1577 3739 ipso
1615 3670 1859 3723 locorum
1897 3666 2030 3731 situ,
2084 3685 2244 3739 quem
2282 3685 2456 3737 aeque
2494 3686 2557 3722 ac
2611 3669 2752 3721 viam

584 3741 729 3794 iliam
783 3749 1087 3793 montanam
1155 3745 1299 3794 anno
1355 3742 1486 3800 1821
1542 3742 1845 3813 exploravi,
1897 3741 2261 3794 confirmatur.
2345 3739 2559 3795 Montes
2608 3740 2753 3793 enim

586 3813 829 3868 continui
869 3813 994 3880 inde
1032 3830 1060 3866 a
1097 3810 1310 3884 Styriae
1347 3814 1649 3876 confinibus
1687 3815 1755 3868 ad
1788 3813 2099 3868 Danubium
2123 3827 2312 3884 'usque
2341 3814 2752 3884 protenduntur,

585 3886 652 3937 ad
689 3894 1036 3956 quemarcta
1077 3893 1280 3940 tantum
1316 3887 1430 3951 via,
1488 3888 1709 3940 castello
1748 3883 2115 3940 Greisenstein
2154 3886 2387 3956 desuper
2423 3885 2752 3947 imminente,

583 3957 942 4028 relinquitur,
998 3975 1103 4028 qua
1144 3959 1534 4013 munitionibus
1586 3960 1671 4013 vel
1710 3961 1765 4011 in
1805 3967 2043 4012 extremo
2081 3967 2263 4012 monte
2298 3959 2382 4012 vel
2420 3974 2589 4027 prope
2626 3955 2754 4010 Κό-

583 4030 913 4099 nigsstiidten
952 4059 1017 4069 —-
1068 4049 1229 4102 quam
1266 4049 1366 4105 pro
1404 4030 1782 4103 Commagenis
1820 4030 1995 4084 habeo
2037 4060 2101 4070 —
2142 4031 2392 4095 defensa,
2429 4030 2535 4083 iter
2571 4038 2750 4083 trans-

583 4101 834 4156 euntibus
872 4102 1261 4159 intercluditur.
1350 4102 1588 4160 Annales
1643 4119 1859 4178 quoque
1895 4101 2191 4158 Fuldenses
2242 4120 2381 4156 anno
2417 4106 2526 4161 884
2564 4101 2755 4157 Karoli
