3027 4904
1126 378 1206 450 A.
1257 375 1422 448 822.
1475 376 1645 450 823.
1827 430 1834 437 „
2376 377 2473 448 85

298 581 516 651 reges
571 556 914 628 videlicet
967 550 1444 650 Wiltzorum,
1511 554 2092 627 controversiam
2147 555 2339 629 inter
2392 582 2471 630 se

298 656 389 727 de
441 679 670 749 regno
726 655 1107 750 habentes,
1163 655 1255 726 ad
1307 655 1804 751 praesentiam
1841 656 2309 751 imperatoris
2347 683 2467 729 ve-

300 767 600 850 nerunt,
669 778 979 850 quorum
1034 755 1328 825 nomina
1382 766 1554 826 sunt
1607 755 2039 848 Milegastus
2092 767 2164 827 et
2216 757 2469 828 Ceala-

299 855 590 948 dragus.
721 855 939 924 Erant
1007 853 1205 923 idem
1274 853 1402 924 filii
1472 851 1681 923 Liubi
1754 855 1952 948 regis
2006 853 2466 950 Wiltzorum,

303 953 645 1050 quilicet
700 976 865 1023 cum
922 950 1265 1022 fratribus
1321 952 1470 1023 suis
1525 975 1839 1046 regnum
1893 952 2210 1024 divisum
2267 963 2467 1026 tene-

299 1065 456 1146 ret,
532 1064 821 1142 tamen,
892 1062 1285 1147 propterea
1339 1052 1534 1146 quod
1584 1051 1822 1122 maior
1874 1064 2050 1124 natu
2102 1064 2296 1147 erat,
2378 1053 2470 1124 ad

300 1175 469 1223 eum
504 1149 729 1222 totius
772 1149 984 1243 regni
1019 1173 1310 1221 summa
1346 1149 1782 1246 pertinebat.
1862 1150 2002 1238 Qui
2040 1175 2230 1244 cum,
2271 1176 2467 1224 com-

299 1251 526 1322 misso
570 1272 734 1319 cum
777 1249 1252 1320 orientalibus
1296 1248 1660 1321 Abodritis
1714 1249 2020 1345 proelio,
2073 1250 2466 1345 interisset,

298 1348 615 1446 populus
687 1347 1118 1419 Wiltzorum
1183 1347 1415 1419 filium
1484 1347 1643 1420 eius
1713 1348 2221 1444 Milegastum,
2303 1351 2469 1446 quia

299 1449 536 1521 maior
587 1458 759 1519 natu
813 1458 994 1542 erat,
1049 1470 1307 1541 regem
1359 1447 1496 1519 sibi
1552 1446 1956 1557 constituit,
2013 1449 2144 1520 sed
2190 1472 2356 1521 cum
2394 1449 2467 1537 ‚is

300 1547 703 1620 secundum
781 1546 1003 1618 ritum
1069 1547 1310 1640 gentis
1387 1545 1867 1618 commissum
1940 1545 2094 1629 sibi?
2156 1572 2469 1641 regnum

301 1669 560 1743 parum
598 1646 818 1740 digne
856 1645 1425 1741 administraret,
1480 1646 1606 1717 illo
1644 1644 1952 1741 abiect0,
2006 1644 2268 1718 iuniori
2326 1648 2467 1717 fra-

299 1749 391 1820 tri
457 1744 747 1840 regium
812 1744 1171 1816 honorem
1244 1745 1636 1838 deferunt,
1707 1768 1961 1840 quam·
2001 1744 2093 1815 ob
2167 1770 2465 1818 causam

302 1844 519 1917 ambo
574 1844 664 1914 ad
720 1844 1210 1939 praesentiam
1262 1842 1729 1940 imperatoris
1766 1856 2149 1917 venerunt.
2262 1847 2466 1934 Quos

299 1969 464 2017 cum
521 1943 886 2036 audisset,
959 1953 1035 2015 et
1100 1943 1341 2038 gentis
1406 1944 1864 2015 voluntatem
1916 1944 2339 2039 proniorem
2394 1946 2464 2016 in

300 2043 601 2116 iunioris
654 2042 904 2114 fratris
956 2043 1314 2113 honorem
1367 2043 1833 2137 agnovisset,
1903 2043 2197 2138 statuit,
2278 2055 2356 2116 ut
2406 2044 2467 2116 is

303 2144 620 2234 delatam
676 2141 810 2213 sibi
865 2165 907 2211 a
961 2141 1231 2253 populo
1276 2164 1409 2212 suo
1446 2153 1890 2237 potestatem
1928 2141 2259 2236 haberet,
2313 2167 2468 2214 am-

304 2243 437 2315 bos
504 2253 749 2314 tamen
801 2239 1228 2312 muneribus
1298 2240 1609 2312 donatos
1679 2251 1753 2312 et
1816 2252 2279 2312 sacramento
2347 2241 2467 2313 fir-

300 2353 543 2415 matos
578 2341 652 2411 in
691 2341 1003 2436 patriam
1047 2339 1349 2410 remisit.
1451 2341 1857 2412 Accusatus
1911 2351 2024 2412 est
2075 2341 2149 2412 in
2204 2340 2468 2412 eodem

301 2441 570 2539 placito
625 2438 815 2536 apud
870 2437 1397 2536 imperatorem
1443 2438 1894 2533 CeadraguS,
1946 2438 2467 2512 Abodritorum

299 2540 682 2637 princepS,
752 2539 945 2634 quod
1001 2560 1081 2610 se
1135 2561 1311 2633 erga
1366 2549 1650 2634 partem
1702 2539 2148 2610 Francorum
2201 2563 2461 2635 parum

299 2638 618 2712 fideliter
669 2648 951 2733 ageret,
1005 2648 1081 2709 et
1123 2637 1216 2709 ad
1268 2637 1733 2735 imperatoris
1772 2638 2268 2733 praesentiam
2322 2639 2468 2710 iam

304 2738 425 2810 diu
480 2737 729 2808 venire
783 2737 1347 2833 dissimulasset,
1400 2747 1706 2834 propter
1760 2738 1952 2833 quod
2009 2738 2098 2809 ad
2125 2755 2315 2809 *eum
2365 2739 2466 2809 le-

303 2838 455 2933 gati
509 2836 760 2909 directi
815 2848 1022 2932 sunt,
1077 2860 1245 2908 cum
1296 2838 1559 2933 quibus
1612 2837 1734 2908 ille
1789 2837 2055 2908 iterum
2110 2837 2466 2932 quosdam

304 2960 392 3008 ex
444 2935 892 3034 primoribus
945 2938 1186 3031 gentis
1249 2961 1427 3008 suae
1495 2937 1587 3008 ad
1653 2936 2178 3033 imperatorem
2243 2937 2465 3031 misit,

302 3057 580 3131 perque
650 3033 942 3105 illorum
1017 3034 1238 3106 verba
1292 3036 1665 3132 promisit,
1735 3059 1817 3108 se
1889 3036 1980 3106 ad
2050 3035 2468 3130 proximum

303 3133 568 3206 hiemis
605 3144 897 3228 tempus
939 3134 1029 3203 ad
1070 3134 1264 3206 illius
1308 3134 1803 3232 praesentiam
1847 3156 2013 3206 esse
2049 3145 2463 3205 venturum.

301 3231 727 3305 Hlotharius
781 3255 955 3303 vero
1003 3256 1171 3303 cum
1211 3232 1614 3305 secundum
1663 3232 1891 3329 patris
1937 3232 2338 3304 iussionem
2392 3233 2464 3304 in

302 3332 509 3405 Italia
562 3331 869 3404 iustitias
922 3332 1240 3426 faceret,
1312 3346 1387 3403 et
1448 3332 1597 3403 iam
1666 3355 1748 3404 se
1801 3331 1892 3403 ad
1945 3332 2465 3404 revertendum

304 3432 395 3502 de
447 3431 650 3503 Italia
707 3446 1214 3528 praepararet,
1280 3443 1592 3527 rogante
1657 3433 2008 3504 Paschale
2072 3457 2265 3530 papa
2325 3433 2466 3504 Ro-

302 3553 503 3601 mam
570 3531 806 3628 venit,
885 3542 958 3603 et
1034 3530 1440 3605 honorifice
1518 3529 1608 3603 ab
1678 3530 1805 3603 illo
1883 3544 2310 3628 susceptuS,
2391 3531 2464 3601 in

303 3638 559 3702 sancto
611 3629 937 3724 paschali
989 3631 1104 3702 die
1159 3632 1352 3727 apud
1405 3642 1741 3703 sanctum
1785 3630 2082 3703 Petrum
2135 3643 2209 3704 et
2257 3630 2466 3724 regni

303 3753 652 3812 coronam
726 3740 801 3801 et
849 3725 1320 3825 Imperatoris
1386 3740 1606 3825 atque
1657 3730 1964 3824 Augusti
2025 3752 2294 3799 nomen
2350 3753 2464 3799 ac-

304 3827 530 3924 cepit,
584 3827 754 3927 inde
806 3828 1105 3925 Papiam
1154 3852 1567 3924 regressus,
1620 3852 1878 3900 mense
1924 3826 2130 3898 Iunio
2186 3827 2274 3897 ad
2329 3827 2463 3899 im-

301 3938 721 4023 peratorem
775 3927 1019 3999 venit,
1118 3929 1256 4015 Qui
1322 3953 1496 4000 ,cum
1548 3926 1976 4023 imperatori
2030 3926 2120 3997 de
2173 3928 2465 4000 iustitiis

302 4025 374 4097 in
427 4025 638 4098 Italia
674 4050 716 4097 a
759 4049 840 4097 se
885 4027 1154 4121 partim
1200 4028 1408 4100 factis
1447 4025 1713 4123 partim
1757 4025 2115 4098 inchoatis
2169 4027 2467 4099 fecisset

305 4124 689 4221 indicium,
744 4125 1013 4198 missus
1070 4136 1183 4199 est
1235 4126 1306 4197 in
1361 4126 1647 4199 Italiam
1700 4124 2163 4199 Adalhardus
2217 4149 2463 4199 comes
