3027 4904
546 362 593 431 4
1138 355 1590 431 EINHARDI
1643 353 2075 430 ANNALES

551 543 640 614 ad
715 539 1147 614 Zachariam
1218 563 1531 638 papam,
1615 550 1695 611 ut
1763 539 2231 612 consulerent
2295 533 2721 634 pontificem

551 644 641 715 de
696 665 915 713 causa
954 662 1242 738 regum,
1296 639 1418 735 qui
1470 639 1598 710 illo
1654 650 1989 736 tempore
2042 640 2338 709 fuerunt
2390 635 2462 708 in
2496 635 2719 707 Fran-

553 743 700 837 cia,
756 740 877 837 qui
932 762 1205 810 nomen
1258 750 1544 811 tantum
1598 738 1820 835 regis,
1877 737 2007 811 sed
2065 737 2343 808 nullam
2394 746 2721 834 potesta-

552 852 703 914 tem
759 838 1044 934 regiam
1096 837 1551 932 habuerunt,
1632 862 1765 936 per
1835 861 2017 934 quos
2070 836 2486 934 praedictus
2541 859 2726 932 pon··

554 941 732 1015 tifex
800 938 1214 1033 mandavit,
1275 938 1548 1011 melius
1620 960 1786 1010 esse
1858 937 2067 1008 illum
2136 935 2381 1007 vocari
2434 958 2720 1030 regem,

551 1040 746 1138 apud
800 1063 1019 1135 quem
1072 1062 1363 1110 summa
1417 1036 1805 1135 potestatis
1859 1034 2330 1127 consisteret,
2409 1034 2723 1130 dataque

553 1140 990 1212 auctoritate
1042 1162 1199 1234 sua,
1254 1137 1467 1210 iussit
1511 1137 1898 1235 Pippinum
1953 1160 2209 1230 regem
2265 1135 2619 1207 constitui.

700 1239 864 1313 750.
945 1238 1104 1310 Hoc
1183 1261 1374 1308 anno
1473 1238 1880 1309 secundum
1956 1235 2266 1308 Romani
2353 1231 2720 1331 pontificis

552 1338 1007 1412 sanctionem
1046 1336 1395 1434 Pippinus
1450 1360 1580 1407 rex
1615 1337 2060 1407 Francorum
2115 1336 2528 1432 appellatus
2582 1343 2719 1428 est,

553 1451 626 1512 et
694 1438 785 1508 ad
856 1435 1074 1509 huius
1139 1436 1578 1531 dignitatem
1642 1435 1943 1508 honoris
2010 1445 2272 1507 unctus
2326 1458 2536 1506 sacra
2588 1458 2719 1504 un-

553 1538 789 1611 ctione
858 1560 1078 1608 manu
1143 1545 1442 1608 sanctae
1503 1535 1908 1608 memoriae
1962 1533 2307 1605 Bonifatii
2363 1532 2717 1629 archiepi-

551 1637 753 1734 scopi
809 1649 882 1709 et
935 1634 1295 1729 martiris,
1375 1646 1446 1706 et
1497 1657 1707 1706 more
1760 1636 2209 1707 Francorum
2263 1634 2594 1706 elevatus
2647 1631 2719 1703 in

551 1736 821 1809 solium
911 1733 1164 1830 regni,
1252 1735 1326 1806 in
1404 1733 1693 1808 civitate
1778 1734 2174 1807 Suessona.
2305 1732 2720 1804 Hildericus

528 1834 767 1931 'vero,
851 1834 971 1930 qui
1041 1835 1229 1905 falso
1304 1833 1502 1928 regis
1570 1834 1867 1907 nomine
1943 1831 2425 1928 fungebatur,
2502 1844 2722 1905 tonso

551 1935 784 2032 capite
838 1934 913 2005 in
966 1933 1495 2006 monasterium
1563 1933 1832 2006 missus
1885 1944 2018 2004 est.

648 2037 651 2040 ⁴
703 2032 870 2105 753.
923 2033 1080 2104 Hoc
1122 2057 1314 2104 anno
1344 2031 1693 2130 Pippinus
1724 2057 1849 2105 rex
1880 2056 2049 2103 cum
2081 2029 2405 2103 exercitu
2446 2052 2720 2124 magno

551 2131 947 2204 Saxoniam
1016 2131 1396 2227 ingressus
1463 2143 1617 2226 est,
1698 2145 1771 2205 et
1841 2133 2176 2228 quamvis
2256 2131 2587 2202 Saxones
2651 2129 2718 2200 ei

551 2230 1130 2304 obstinatissime
1199 2230 1674 2326 resisterent,
1743 2231 1934 2329 pulsi
1997 2242 2243 2304 tamen
2312 2238 2719 2324 cesserunt,

550 2341 625 2403 et
678 2330 835 2428 ipse
890 2354 1123 2425 usque
1177 2331 1268 2402 ad
1322 2331 1569 2402 locum
1624 2331 1744 2427 qui
1799 2329 2064 2403 dicitur
2118 2326 2374 2424 Rimi1,
2431 2328 2551 2424 qui
2605 2340 2722 2401 est

551 2454 774 2528 super
825 2429 1132 2503 fluvium
1186 2429 1598 2526 Wisuram,
1658 2429 1989 2504 accessit.
2092 2428 2173 2501 In
2228 2454 2369 2526 qua
2424 2427 2719 2526 expedi-

550 2530 749 2603 tione
788 2530 1239 2624 Hildigarius
1293 2528 1933 2630 archiepiscopus²
1985 2529 2413 2602 interfectus
2454 2539 2591 2623 est,
2646 2527 2718 2600 in

550 2638 805 2700 monte
871 2630 993 2725 qui
1056 2629 1313 2702 dicitur
1377 2628 1719 2725 Iuburg3.
1840 2629 2260 2701 Revertenti
2329 2651 2506 2699 vero
2560 2628 2722 2721 regi

552 2728 643 2799 de
682 2728 999 2800 Saxonia
1052 2728 1351 2800 nuntius
1405 2729 1608 2801 venit
1660 2729 1750 2800 de
1804 2740 2043 2802 morte
2097 2725 2345 2800 fratris
2398 2725 2512 2798 sui
2556 2725 2719 2798 Gri-

550 2826 859 2923 phonis,
928 2835 1005 2899 et
1073 2852 1114 2899 a
1188 2851 1327 2923 quo
1395 2828 1516 2899 vel
1586 2826 1900 2924 qualiter
1952 2826 2211 2899 fuisset
2263 2825 2716 2898 interfectus,

551 2925 828 2998 Eodem
900 2950 1090 2999 anno
1163 2926 1584 3024 Stephanus
1653 2951 1843 3026 papa
1915 2927 2115 2999 venit
2185 2926 2275 2997 ad
2328 2924 2720 3022 Pippinum

552 3050 808 3121 regem
858 3026 931 3096 in
970 3026 1144 3097 villa
1189 3050 1377 3123 quae
1430 3039 1736 3100 vocatur
1769 3026 2178 3101 Carisiacus
2196 3022 2248 3120 4,
2305 3048 2719 3121 suggerens

492 3126 659 3222 =ei,
735 3136 815 3198 ut
884 3149 965 3198 se
1039 3138 1113 3199 et
1166 3127 1576 3198 Romanam
1647 3125 2036 3200 ecclesiam
2110 3123 2199 3197 ab
2252 3124 2719 3197 infestatione

551 3223 1203 3319 Langobardorum
1259 3226 1708 3299 defenderet.
1812 3226 2025 3299 Venit
2078 3237 2148 3298 et
2177 3225 2720 3297 Karlomannus

552 3324 782 3396 frater
834 3323 1069 3419 regis,
1143 3324 1290 3395 iam
1358 3327 1764 3398 monachus
1818 3326 2092 3418 factus,
2173 3323 2379 3395 iussu
2432 3320 2719 3396 abbatis

553 3421 703 3516 sui,
776 3434 856 3495 ut
905 3422 1098 3519 apud
1151 3424 1459 3495 fratrem
1511 3449 1727 3500 suum
1781 3423 2120 3520 precibus
2175 3421 2487 3494 Romani
2538 3448 2719 3521 pon·

552 3520 767 3594 tificis
804 3520 1232 3615 obsisteret,
1287 3524 1559 3596 invitus
1611 3535 1858 3595 tamen
1898 3524 2038 3595 hoc
2091 3522 2354 3594 fecisse
2399 3533 2719 3619 putatur,

556 3619 720 3717 quia
784 3644 919 3692 nec
986 3621 1109 3693 ille
1165 3621 1450 3696 abbatis
1523 3622 1635 3695 sui
1687 3623 1886 3695 iussa
1940 3632 2503 3718 contempnere,
2582 3644 2720 3694 nec

555 3719 780 3792 abbas
834 3721 959 3792 ille
1013 3722 1426 3819 praeceptis
1479 3722 1676 3817 regis
1730 3721 2424 3818 Langobardorum,
2479 3722 2597 3818 qui
2652 3720 2720 3793 ei

551 3819 694 3891 hoc
748 3820 1175 3917 imperavit,
1231 3821 1546 3894 audebat
1596 3820 1965 3893 resistere.
2587 3829 2590 3838 ‘⁴

586 3956 639 3968 ⁴-
699 3917 870 3990 754.
924 3920 1343 4017 Stephanus
1398 3944 1590 4019 papa
1642 3930 2035 4018 postquam
2089 3947 2132 3993 a
2183 3944 2364 4016 rege
2414 3916 2720 4014 Pippino

556 4050 604 4122 1)
642 4050 853 4106 Remen
889 4069 1049 4123 supra
1086 4052 1346 4110 Mindam.
1507 4051 1563 4124 2)
1604 4050 1961 4108 Coloniensi&
2122 4053 2173 4125 3)
2213 4051 2474 4122 Iburgrin
2509 4050 2726 4122 princi-

549 4132 678 4195 patu
717 4121 1143 4196 Osnabrugensi.
1290 4125 1341 4197 4)
1380 4126 1580 4197 Kiersy
1617 4126 1685 4181 ad
1721 4125 1968 4182 Isseram.
