3027 4904
1127 390 1210 460 A.
1267 389 1684 465 804—806.
2379 397 2473 469 51

226 666 231 670 ι
302 569 527 643 ritum
596 570 977 664 Caganum
1059 569 1334 651 habere
1414 574 1815 672 praecepit.
1933 574 2216 648 Eodem
2280 601 2473 651 anno

302 669 501 743 misit
564 669 967 742 exercitum
1037 694 1255 742 suum
1308 693 1476 742 cum
1527 671 1679 745 filio
1734 697 1868 745 suo
1921 673 2146 749 Karlo
2198 676 2275 748 in
2327 688 2472 751 ter·

300 794 460 841 ram
502 768 963 865 Sclavorum,
1019 770 1140 865 qui
1173 780 1527 842 vocantur
1563 771 1916 844 Beheimi.
1999 775 2139 861 Qui
2171 795 2473 849 omnem

298 870 597 940 illorum
629 869 943 965 patriam
993 868 1510 967 depopulatus,
1566 871 1829 944 ducem
1871 895 2129 945 eorum
2173 876 2472 950 nomine

297 968 717 1040 Bechonem
791 968 1099 1064 occidit,
1172 981 1247 1043 et
1312 967 1482 1042 inde
1554 995 1978 1066 regressus,
2052 973 2126 1045 in
2177 975 2470 1071 Vosego

299 1067 487 1140 silva
540 1068 632 1139 ad
683 1078 972 1164 patrem
1028 1068 1270 1165 venit,
1331 1068 1403 1140 in
1460 1069 1624 1143 loco
1679 1071 1799 1167 qui
1854 1071 2116 1145 dicitur
2168 1073 2467 1172 Camp1.

297 1168 485 1240 Nam
562 1167 969 1263 imperator
1038 1167 1219 1239 Iulio
1288 1192 1546 1242 mense
1634 1171 1724 1242 de
1794 1172 2236 1269 Aquisgrani
2301 1198 2468 1271 pro·

295 1269 570 1362 fectus,
643 1290 776 1364 per
851 1267 1269 1340 Theodonis
1321 1268 1576 1341 villam
1647 1280 1868 1366 atque
1919 1272 2166 1345 Mettis
2230 1286 2469 1346 trans-

296 1365 497 1460 iens,
586 1366 953 1460 Vosegum
1019 1366 1252 1464 petiit.
1400 1368 1652 1464 Ibique
1725 1369 2092 1444 venationi
2169 1395 2464 1465 vacans,

294 1476 466 1563 post
515 1465 1019 1538 reversionem
1074 1467 1433 1539 exercitus
1487 1469 1578 1540 ad
1611 1469 1975 1541 Rumerici
2032 1470 2468 1544 castellum²

293 1566 696 1662 profectuS,
752 1563 998 1663 ibique
1037 1566 1495 1662 aliquantum
1550 1568 1905 1666 temporis
1962 1581 2315 1667 moratus,
2372 1571 2466 1642 ad

297 1665 772 1737 hiemandum
856 1664 929 1736 in
1000 1665 1419 1739 Theodonis
1478 1666 1651 1738 villa
1736 1668 2010 1767 palatio
2088 1693 2222 1741 suo
2296 1694 2465 1742 con-

295 1765 500 1837 sedit.
606 1764 713 1836 lbi
769 1764 861 1835 ad
914 1788 1086 1836 eum
1140 1764 1358 1837 ambo
1412 1765 1543 1837 filii
1598 1768 1708 1840 sui
1765 1767 2111 1865 Pippinus
2167 1780 2241 1842 et
2284 1769 2461 1841 Hlu-

294 1865 547 1937 doicus
587 1876 972 1961 venerunt,
1027 1863 1575 1961 celebravitque
1630 1866 1727 1951 ibi
1783 1868 2107 1938 natalem
2148 1867 2462 1941 Domini.

440 1963 608 2037 806.
687 1964 954 2037 Statim
1046 1974 1219 2062 post
1306 1967 1632 2038 natalem
1724 1965 2015 2040 Domini
2100 1980 2461 2042 venerunt

296 2063 583 2134 Willeri
638 2073 712 2134 et
764 2063 1074 2158 BeatuS,
1146 2064 1370 2136 duces
1406 2065 1782 2157 Venetiae,
1838 2089 2120 2137 necnon
2175 2079 2248 2140 et
2279 2068 2461 2140 Pau-

293 2164 408 2235 lus
461 2162 606 2233 dux
658 2160 957 2234 laderae
977 2159 1031 2258 ³,
1103 2174 1322 2260 atque
1373 2162 1706 2237 Donatus
1761 2164 2089 2237 eiusdem
2146 2166 2460 2241 civitatis

292 2261 719 2360 episcopus,
775 2261 1001 2357 legati
1054 2261 1590 2359 Dalmatarum,
1646 2264 1738 2335 ad
1791 2265 2291 2364 praesentiam
2324 2266 2456 2339 im·
2499 2296 2512 2305 ²

289 2361 653 2461 peratoris
731 2385 896 2433 cum
974 2360 1264 2458 magnis
1345 2363 1579 2436 donis.
1710 2364 1801 2436 Et
1890 2366 2082 2437 facta
2167 2376 2281 2438 est
2356 2366 2454 2437 ibi

190 2507 197 2512 «
289 2462 649 2533 ordinatio
706 2462 794 2532 ab
849 2462 1294 2559 imperatore
1347 2462 1439 2535 de
1487 2462 1791 2535 ducibus
1847 2475 1921 2535 et
1972 2464 2262 2561 populis
2303 2476 2456 2537 tam

287 2561 640 2633 Venetiae
694 2584 914 2656 quam
964 2560 1397 2634 Dalmatiae.
1498 2562 1796 2658 Illisque
1849 2561 2228 2660 absolutis,
2285 2587 2455 2635 con·
2497 2629 2504 2636 .

290 2672 592 2733 ventum
645 2660 900 2733 habuit
951 2660 1354 2758 imperator
1427 2685 1594 2733 cum
1648 2660 2093 2758 primoribus
2148 2674 2221 2735 et
2271 2664 2455 2760 opti-

287 2760 605 2833 matibus
671 2760 1115 2833 Francorum
1188 2759 1279 2832 de
1347 2785 1527 2858 pace
1581 2760 2091 2834 constituenda
2158 2773 2232 2835 et
2283 2786 2454 2835 con-

254 2859 648 2939 ‚servanda
688 2858 879 2933 inter
919 2859 1108 2933 filios
1139 2885 1338 2956 suos,
1394 2872 1466 2934 et
1494 2860 1854 2934 divisione
1883 2861 2090 2956 regni
2121 2861 2454 2934 facienda

287 2959 360 3030 in
414 2970 567 3033 tres
618 2969 891 3056 partes,
946 2972 1024 3034 ut
1074 2961 1297 3033 sciret
1326 2961 1827 3059 unusquisque
1857 2960 2174 3057 illorum,
2230 2973 2451 3058 quam

284 3070 573 3156 partem
637 3060 823 3131 tueri
876 3070 952 3131 et
1002 3083 1262 3155 regere
1316 3060 1729 3156 debuisset,
1800 3060 1862 3132 si
1916 3071 2293 3157 superstes
2345 3061 2451 3131 illi

286 3157 683 3230 deveniret.
735 3158 844 3230 De
883 3159 1022 3230 hac
1046 3160 1438 3257 partitione
1472 3173 1547 3233 et
1580 3169 2110 3233 testamentum
2146 3161 2450 3256 factum,

287 3271 360 3332 et
423 3257 891 3330 iureiurando
962 3258 1052 3329 ab
1129 3258 1607 3356 optimatibus
1670 3259 2116 3330 Francorum
2189 3257 2450 3330 contir-

286 3370 593 3453 matum,
650 3368 722 3430 et
773 3357 1333 3432 constitutiones
1388 3359 1588 3455 pacis
1627 3358 2173 3431 conservandae
2229 3381 2450 3431 causa

286 3458 562 3549 factae,
617 3468 835 3553 atque
904 3459 1087 3531 haec
1153 3458 1400 3531 omnia
1454 3458 1740 3532 litteris.
1790 3457 2134 3530 mandata
2205 3454 2449 3553 suntA,

285 3567 360 3629 et
412 3555 636 3626 Leoni
689 3580 946 3653 papae,
1003 3569 1076 3631 ut
1128 3559 1242 3631 his
1295 3583 1430 3632 sua
1464 3584 1687 3631 manu
1743 3556 2262 3652 subscriberet,
2316 3581 2448 3654 per

284 3654 731 3727 Einhardum
800 3657 1046 3729 missa.
1172 3653 1452 3745 Quibus
1504 3659 1838 3756 pontifex
1893 3655 2142 3751 lectis,
2198 3668 2274 3728 et
2325 3655 2448 3726 ad-

282 3779 587 3828 sensum
663 3754 1039 3851 praebuit,
1137 3767 1211 3827 et
1300 3760 1596 3854 propria
1694 3782 1915 3830 manu
1994 3755 2446 3853 subscripsit.

280 3855 728 3953 Imperator,
812 3853 1116 3928 dimisso
1181 3866 1491 3954 utroque
1560 3856 1714 3931 filio
1779 3858 1851 3929 in
1924 3878 2239 3950 regnum
2309 3854 2448 3928 sibi

286 4023 334 4093 1)
374 4023 578 4095 Champ
623 4025 679 4076 in
716 4022 1093 4094 Lotharingia,
1148 4027 1271 4079 villa
1325 4046 1487 4097 parva
1526 4046 1695 4099 prope
1735 4027 1979 4096 Bruyere
2017 4026 2083 4078 ad
2122 4026 2290 4079 rivum
2330 4024 2449 4080 Ve-

232 4099 237 4116 ³
281 4097 468 4166 logne,
508 4115 537 4151 a
575 4114 634 4150 se
674 4098 940 4151 tentrione
976 4095 1249 4152 Roman-ici
1289 4098 1521 4166 Montis,
1574 4109 1629 4153 et
1665 4099 1731 4151 ab
1770 4099 1981 4154 oriente
2017 4095 2246 4169 Spinalii
2286 4097 2448 4169 (Epi-

280 4168 406 4240 nal).
538 4168 589 4239 2)
681 4170 1016 4224 emiremont.
1161 4171 1215 4241 3)
1253 4170 1401 4225 Zara.
1553 4171 1604 4242 4)
1639 4189 1688 4226 v,
1713 4170 1865 4226 Mon.
1897 4169 2080 4226 Germ.
2113 4170 2277 4242 Legg.
2315 4169 2379 4224 T.
2405 4168 2448 4223 1.

1752 4282 1854 4355 4*
