3027 4904
503 307 600 381 ss
654 275 663 285 ’
1120 305 1574 378 ΕΙΝΗΑΚΒΙ
1626 305 2063 379 ANNALES

501 487 813 559 Romani
881 485 1246 584 pontificis
1315 485 1784 585 praedicandi
1848 486 2085 582 gratia
2157 486 2247 556 ad
2315 486 2673 560 teiminos

504 586 884 657 Danorum
937 597 1390 682 accesserat
1464 597 1540 659 et
1603 597 1884 659 aestate
1941 584 2340 684 praeterita
2398 586 2673 659 multos

482 707 597 756 *ex
649 685 757 757 eis
811 685 902 756 ad
953 684 1178 757 fidem
1227 640 1613 758 venientes
1666 684 2208 782 baptizaverat,
2282 707 2673 778 regressus

507 793 640 857 est.
743 776 901 856 Hoc
952 809 1144 880 anno
1197 783 1533 880 plodigia
1587 784 1949 880 quaedam
2002 782 2331 856 extitisse
2363 808 2673 856 >narran-

505 895 648 978 tur,
703 881 776 954 in
829 884 1093 979 quibus
1139 883 1532 980 praecipua
1568 885 1868 956 fuerunt
1906 883 1980 955 in
2023 884 2363 978 Aquense
2402 883 2674 979 palatio

504 995 745 1055 terrae
799 992 1071 1077 motuS,
1125 993 1198 1057 et
1250 981 1322 1054 in
1377 983 1740 1055 territorio
1786 984 2132 1055 Tullense
2182 981 2382 1054 iuxta
2423 983 2676 1055 villam

509 1078 1184 1156 Commerciacum1
1236 1082 1486 1179 puella
1535 1082 1896 1179 quaedam
1949 1103 2310 1154 annorum
2356 1082 2518 1153 fere
2583 1084 2677 1155 12

507 1181 598 1252 ab
653 1181 853 1253 omni
906 1180 1067 1254 cibo
1118 1192 1253 1279 p'er
1306 1183 1400 1256 10
1450 1204 1749 1255 menses
1803 1180 2203 1254 abstinens.
2308 1181 2398 1253 Et
2430 1180 2504 1251 in
2544 1180 2671 1254 Sa·

368 1372 377 1375 ,
506 1280 746 1374 xonia,
799 1281 872 1352 in
928 1304 1121 1378 pago
1175 1279 1295 1376 qui
1347 1292 1656 1354 vocatur
1687 1279 2064 1376 Firihsazi,
2118 1282 2216 1355 23
2250 1280 2468 1352 villae
2503 1280 2675 1375 igne

508 1379 809 1452 coelesti
864 1391 1414 1474 concrematae,
1486 1389 1562 1452 et
1626 1380 1920 1492 fulgora
1972 1403 2262 1451 sereno
2301 1391 2516 1474 atque
2569 1380 2676 1452 in-

506 1478 747 1550 terdiu
801 1479 892 1550 de
946 1479 1154 1551 coelo
1208 1479 1563 1552 cadentia.
1665 1480 1759 1550 Et.
1819 1479 1892 1550 in
1944 1480 2198 1551 multis
2250 1478 2676 1592 regionibus

509 1579 765 1672 fruges
817 1577 1199 1674 grandinis
1251 1579 1662 1652 vastatione
1715 1577 2044 1672 deletae,
2108 1586 2327 1674 atque
2395 1577 2468 1649 in
2523 1580 2675 1675 qui-

507 1676 818 1748 busdam
869 1677 1049 1749 locis
1101 1677 1323 1748 simul
1375 1699 1545 1750 cum
1596 1677 1758 1774 ipsa
1796 1675 2154 1789 grandine
2200 1677 2354 1750 veri
2390 1676 2676 1774 lapides

508 1787 727 1872 atque
781 1775 1097 1870 ingentis
1147 1775 1498 1873 ponderis
1551 1776 1892 1849 decidere
1943 1775 2123 1868 visi,
2177 1776 2464 1849 domus
2500 1802 2677 1873 quo-

509 1899 649 1971 que
702 1874 793 1946 de
847 1875 1053 1948 coelo
1119 1884 1398 1966 tactae,
1462 1875 1951 1971 hominesque
2021 1898 2107 1946 ac
2168 1885 2459 1948 caetera
2527 1878 2677 1949 ani-

506 1974 729 2045 malia
781 1973 1060 2072 passim
1111 1974 1503 2047 fulminum
1556 1974 1704 2047 ictu
1754 1985 2051 2071 praeter
2089 1973 2388 2048 solitum
2420 1976 2677 2069 crebro

507 2073 925 2147 exanimata
979 2073 1332 2146 dicuntur.
1453 2073 1722 2147 Secuta
1775 2085 1890 2147 est
1941 2074 2203 2169 ingens
2256 2075 2679 2170 pestilentia

508 2183 729 2269 atque
782 2171 1166 2244 hominum
1216 2172 1668 2265 mortalitas,
1739 2196 1925 2269 quae
1983 2196 2117 2269 per
2169 2183 2403 2255 totam
2453 2174 2676 2247 Fran-

508 2272 698 2344 ciam
764 2270 1158 2344 inmaniter
1227 2295 1748 2369 usquequaque
1801 2283 2141 2368 grassata
2206 2283 2362 2366 est,
2429 2284 2503 2346 et
2571 2275 2675 2346 in·-

506 2394 896 2443 numeram
947 2369 1331 2448 hominum
1382 2371 1927 2445 multitudinem
1987 2370 2260 2444 diversi
2327 2395 2549 2445 sexus
2602 2386 2678 2447 et
2729 2463 2734 2464 γ

507 2472 770 2545 aetatis
823 2470 1261 2567 gravissime
1313 2471 1710 2545 saeviendo
1764 2472 2237 2568 consumpsit.

659 2569 828 2646 824.
914 2572 1067 2644 Rex
1115 2570 1609 2666 Bulgarorum
1646 2572 2006 2667 Omortag
2059 2572 2263 2644 velut
2313 2572 2515 2667 pacis
2569 2574 2674 2645 fa-

507 2667 809 2742 ciendae
861 2669 1100 2764 gratia
1152 2672 1441 2765 legatos
1494 2671 1589 2742 ad
1640 2670 2168 2767 imperatorem
2208 2693 2373 2742 cum
2410 2671 2677 2745 litteris

505 2767 733 2865 misit⁷
786 2793 971 2864 quos
1022 2769 1148 2839 ille
1201 2792 1367 2840 cum
1422 2769 1791 2864 audisset,
1846 2794 1933 2842 ac
1980 2768 2261 2843 litteras
2315 2793 2501 2882 quae
2553 2771 2678 2843 ad-

506 2868 701 2940 latae
770 2869 1064 2939 fueiant
1128 2867 1477 2963 legisset,
1544 2866 1652 2940 rei
1721 2869 2046 2942 novitate
2115 2894 2263 2942 non
2332 2870 2674 2945 inmerito

506 2978 930 3064 permotus,
995 2966 1085 3037 ad
1154 2968 1682 3080 explorandam
1735 2967 2161 3063 diligentius
2211 2969 2549 3042 insolitae
2603 2980 2678 3043 et

414 3095 419 3098 ·
509 3089 913 3163 numquam
980 3066 1181 3163 prius
1246 3066 1318 3138 in
1394 3067 1777 3139 Franciam
1837 3068 2202 3140 venientis
2282 3068 2676 3163 legationis

507 3171 807 3238 causam
840 3166 1337 3239 Machelmum
1379 3166 1745 3262 quendam
1789 3168 1881 3239 de
1919 3167 2249 3239 Baioaria
2290 3191 2455 3238 cum
2494 3166 2674 3262 ipsis

505 3264 774 3358 legatis
844 3265 936 3336 ad
994 3277 1489 3339 memoratum
1542 3290 1798 3361 regem
1850 3266 2338 3360 Bulgarorum
2391 3263 2674 3339 direxit.

508 3361 798 3436 Interea
849 3364 1138 3460 hiemps
1190 3388 1453 3461 aspera
1508 3366 1863 3475 valdeque
1926 3365 2208 3460 prolixa
2274 3363 2468 3435 facta
2534 3376 2672 3460 est,

508 3486 696 3559 quae
749 3487 894 3536 non
936 3464 1175 3536 solum
1220 3474 1509 3536 caetera
1556 3462 1925 3558 animalia,
1976 3486 2237 3534 verum
2275 3461 2498 3535 etiam
2541 3464 2672 3535 ho·

507 3562 745 3636 mines
800 3562 1154 3660 quosdam
1217 3562 1647 3638 inmanitate
1699 3561 1997 3658 frigoris
2050 3561 2367 3636 extinxit.
2469 3562 2674 3634 Luna

510 3662 778 3737 defecit
829 3664 895 3737 3.
941 3663 1188 3736 Nonas
1227 3664 1440 3736 Mart.
1481 3664 1666 3735 hora
1697 3662 1931 3736 noctis
1971 3663 2314 3735 secunda.
2420 3661 2672 3759 Suppo

508 3764 656 3834 dux
720 3761 1127 3860 Spolitinus
1198 3760 1608 3837 decessisse
1678 3764 2071 3835 nuntiatur.
2200 3761 2459 3857 Legati
2529 3762 2672 3833 Ro-

508 3863 702 3934 mani
756 3859 1118 3960 pontificis
1151 3861 1463 3933 Romam
1519 3862 1864 3975 regressi,
1921 3863 2235 3933 eundem
2286 3860 2586 3934 valida
2567 3885 2671 3931 m-

507 3960 853 4036 firmitate
922 3961 1304 4034 detentum
1368 3985 1452 4034 ac
1516 3961 1737 4034 morti
1788 3962 1936 4034 iam
1989 3961 2405 4059 proximum
2474 3960 2675 4032 inve

512 4082 557 4152 1)
598 4081 916 4154 Commercy
955 4081 1020 4133 ad
1055 4077 1282 4135 Mosam.
