3027 4904
529 335 626 411 98
1143 331 1596 404 ElNHARDl
1649 330 2080 404 ANNALES

528 518 777 614 missi,
842 515 1311 613 Septembrio
1378 535 1638 586 mense
1708 511 2246 612 Compendium
2314 521 2711 606 venerunt,

534 642 718 716 quos
771 616 899 688 ille
948 615 1050 686 ibi
1102 614 1422 711 benigne
1475 625 1815 712 receptos
1869 625 1946 686 et
1997 610 2281 684 audivit
2334 622 2411 684 et
2462 610 2710 683 absol-

532 717 656 790 vit.
779 716 1105 812 Corpora
1174 712 1777 788 beatissimorum
1829 712 2233 785 ‘martirum
2298 711 2710 783 Marcellini

535 826 612 889 et
662 814 854 888 Petri
906 815 998 887 de
1050 814 1284 886 Roma
1353 813 1689 909 sublata,
1758 825 1835 886 et
1902 811 2252 885 Octobrio
2323 832 2580 884 mense
2634 810 2714 882 in

531 912 961 988 Franciam1
1017 915 1396 1007 translata,
1451 924 1527 985 et
1578 912 1679 984 ibi
1731 912 1985 984 multis
2039 911 2270 1007 signis
2314 921 2532 1007 atque
2564 909 2715 982 vir-

534 1013 811 1088 tutibus
866 1013 1258 1086 clarificata
1312 1009 1552 1086 sunt2.
2065 1023 2067 1025 ’

682 1112 852 1186 828.
931 1116 1379 1209 Conventus
1431 1110 1899 1209 Aquasgrani
1982 1132 2240 1182 mense
2308 1107 2711 1181 Februario

534 1213 768 1286 factus
821 1224 960 1311 est,
1014 1213 1087 1284 in
1140 1238 1282 1310 quo
1337 1236 1505 1285 cum
1560 1213 1652 1283 de
1704 1211 1957 1285 multis
2012 1209 2173 1282 aliis
2228 1208 2493 1304 causis,
2552 1217 2714 1280 tum

533 1312 927 1410 praecipue
996 1312 1088 1384 de
1154 1313 1271 1385 his
1338 1335 1523 1408 quae
1593 1313 1666 1383 in
1721 1334 1970 1384 marca
2023 1309 2416 1406 Hispanica
2479 1308 2714 1381 conti-

537 1423 846 1508 gerunt,
925 1412 1112 1484 ratio
1165 1411 1454 1507 habita,
1510 1423 1585 1484 et
1635 1410 1861 1507 legati
1916 1411 2038 1508 qui
2096 1407 2441 1481 exercitui
2494 1431 2710 1506 prae-

537 1521 750 1583 erant
799 1511 1204 1609 culpabiles
1257 1511 1559 1607 inventi,
1614 1521 1689 1583 et
1738 1509 2237 1583 iuxtamerita
2290 1532 2425 1582 sua
2477 1509 2711 1579 hono-

462 1658 465 1661 ι
537 1635 704 1683 rum
772 1610 1170 1684 amissione
1236 1610 1528 1683 multati
1580 1620 1773 1682 sunt.
1889 1609 2253 1682 Similiter
2304 1620 2377 1681 et
2426 1606 2712 1679 Baldri-

536 1733 703 1805 cus,
757 1710 903 1780 dux
953 1709 1500 1807 Foroiuliensis‚
1557 1732 1724 1782 cum
1776 1732 1907 1806 pro
1964 1718 2078 1781 ter
2130 1708 2288 1781 eius
2340 1707 2715 1802 ignaviam

532 1808 1022 1904 Bulgarorum
1076 1810 1441 1882 exercitus
1493 1809 1852 1883 terminos
1904 1734 2322 1880 Baunoniae
2375 1806 2710 1903 superio-

534 1908 638 1980 ris
691 1910 962 2005 inpune
1015 1919 1415 2003 vastasset,
1468 1906 1888 1979 'honoribus
1954 1931 2137 2002 quos
2189 1905 2511 1979 habebat
2561 1906 2710 2004 pri·-

536 2018 774 2103 vatus,
828 2020 901 2081 et
953 2032 1199 2079 marca
1255 2031 1476 2105 quam
1532 2007 1736 2079 solus
1789 2005 2114 2102 tenebat,
2168 2006 2361 2080 inter
2396 2016 2715 2103 quatuor

420 2100 425 2113 x
537 2107 847 2180 comites
901 2105 1136 2180 divisa
1190 2117 1324 2180 est.
1428 2106 1883 2201 Halitgarius
1951 2108 2504 2179 Camaracensis
2558 2106 2712 2203 epi-

533 2230 804 2304 scopus
872 2218 944 2278 et
1012 2206 1405 2279 Ansfridus
1473 2205 1702 2279 abbas
1754 2205 2183 2278 monasterii
2246 2207 2710 2278 Nonantulae

538 2305 1249 2403 Constantinopolim
1306 2304 1553 2400 missi,
1609 2317 1683 2378 et
1734 2328 1776 2375 a
1819 2305 2177 2376 Michaele
2230 2305 2708 2403 imperatore,

534 2405 722 2479 sicut
758 2404 898 2504 ipsi
930 2404 1100 2478 inde
1144 2405 1425 2496 reversi
1461 2405 1893 2501 retulerunt,
1945 2404 2348 2478 honorifice
2388 2406 2710 2503 suscepti

535 2517 725 2577 sunt.
847 2505 1260 2604 Imperator
1311 2505 1517 2578 Iunio
1571 2528 1830 2578 mense
1881 2505 1974 2577 ad
2027 2505 2519 2600 lngilunheim
2572 2506 2707 2578 vil-

535 2605 684 2676 lam
737 2606 980 2701 venit,
1035 2605 1280 2703 ibique
1319 2629 1454 2704 per
1506 2605 1783 2702 aliquot
1837 2604 1993 2677 dies
2023 2601 2377 2702 placitum
2427 2604 2708 2702 habuit,

535 2702 607 2774 in
678 2728 861 2800 quo,
952 2728 1118 2776 cum
1189 2706 1280 2776 de
1351 2704 1521 2789 filiis
1594 2704 1745 2778 suis
1813 2703 2198 2778 Hlothario
2265 2716 2339 2779 et
2400 2701 2708 2801 Pippino

426 2845 431 2856 ‚
537 2824 705 2874 cum
786 2803 1108 2876 exercitu
1204 2803 1296 2875 ad
1373 2827 1705 2877 marcam
1779 2803 2253 2901 Hispanicam
2332 2804 2707 2878 mittendis

534 2898 923 2973 consilium
976 2901 1269 2999 inisset7
1324 2913 1414 2986 et,
1450 2903 1526 2974 id
1581 2904 1951 2999 quomodo
2005 2903 2218 2977 fieret
2269 2904 2707 2998 ordinasset,

537 3033 585 3105 1)
641 3036 698 3088 in
748 3033 1009 3089 Franciae
1058 3042 1266 3105 partem
1321 3032 1718 3090 Germanicam.
1878 3035 1931 3107 2)
1983 3035 2375 3092 Translationis
2426 3037 2707 3091 historiam

530 3108 666 3177 ipse,
694 3108 800 3177 'qui
837 3124 1064 3179 corpora
1097 3107 1374 3161 transferri
1405 3118 1703 3174 curaverat,
1741 3106 2049 3163 Einhardus
2079 3118 2264 3163 noster
2292 3110 2523 3179 scripsit.
2587 3106 2710 3163 Re-

530 3178 637 3232 fert
671 3179 727 3232 in
768 3197 848 3245 ea,
885 3190 1093 3251 partem
1129 3181 1482 3251 reliquiarum
1520 3182 1625 3234 iam
1664 3182 1763 3235 sub
1811 3182 1972 3235 finem
2021 3183 2147 3235 anni
2186 3183 2463 3252 praeteriti
2500 3181 2707 3237 Michi-

528 3250 852 3316 linstadum,
901 3253 1137 3324 indeque
1187 3270 1330 3305 anuo
1387 3256 1495 3310 827
1550 3255 1637 3306 die
1692 3259 1775 3312 17.
1826 3252 2063 3309 lanuarii
2114 3253 2528 3310 Mulinheimum
2557 3255 2607 3307 'a
2648 3271 2706 3307 se

534 3324 869 3387 translatam,
920 3324 1185 3393 reliquam
1236 3341 1365 3378 vero
1403 3325 1468 3378 ab
1505 3324 1772 3380 Hildoino
1811 3326 2002 3381 abbate
2042 3336 2165 3381 octo
2204 3327 2395 3379 diebus
2441 3334 2565 3396 post
2599 3343 2707 3396 pa·-

532 3394 659 3447 scha
716 3394 822 3447 sibi
870 3395 1134 3449 redditam
1187 3405 1241 3451 et
1290 3414 1389 3467 per
1438 3407 1695 3452 aestatem
1743 3396 2071 3470 Aquisgrani
2124 3407 2422 3462 servatam,
2471 3398 2705 3461 tandem,

534 3474 813 3536 postquam
860 3467 977 3537 ipse
1027 3468 1094 3521 ab
1149 3467 1475 3537 imperatore
1526 3470 1582 3523 in
1619 3472 1958 3524 venationem
1999 3472 2279 3525 solennem
2316 3470 2560 3542 profecto
2602 3470 2707 3523 ab-

532 3538 695 3592 eundi
731 3539 1004 3594 licentiam
1045 3540 1331 3611 acceperit,
1369 3539 1787 3595 Mulinheimum
1827 3543 2131 3609 advectam,
2172 3552 2331 3616 atque
2369 3544 2535 3596 sacris
2575 3560 2708 3596 cor-

529 3611 752 3680 poribus
808 3612 999 3665 iterum
1055 3614 1311 3666 sociatam
1365 3630 1500 3668 esse.
1603 3612 1854 3669 Perfecta
1904 3616 2105 3685 igitur,
2159 3626 2219 3669 ut
2273 3632 2434 3685 supra
2492 3616 2704 3685 legitur,

532 3700 720 3738 mense
756 3680 984 3740 Octobri
1022 3686 1391 3751 translatione,
1448 3684 1760 3741 Einhardus
1795 3685 2217 3759 Aquisgranum,
2256 3689 2455 3742 ibidem
2490 3688 2708 3742 hiema-

533 3764 699 3821 turus,
737 3774 1014 3827 regressus
1054 3766 1150 3811 est.
1223 3754 1370 3811 Hinc
1408 3760 1488 3812 rei
1527 3768 1706 3830 gestae
1744 3761 2107 3814 narrationem
2132 3803 2145 3826 ,
2185 3762 2395 3833 qualem
2434 3761 2490 3813 in
2529 3777 2706 3830 anua-

529 3828 672 3881 libus
725 3837 778 3882 et
813 3830 869 3882 in
908 3829 1271 3884 translationis
1309 3829 1535 3883 historia
1584 3832 1844 3902 legimuS,
1898 3833 2098 3902 optime
2136 3834 2277 3887 inter
2312 3851 2372 3887 se
2410 3831 2706 3886 cohaerere

531 3899 760 3971 quisque
802 3901 1082 3972 intelligit;
1138 3911 1192 3956 et
1227 3901 1413 3955 mirari
1453 3903 1626 3968 subit,
1678 3903 1864 3958 doctos
1915 3906 1970 3958 id
2023 3905 2168 3959 viros
2207 3907 2299 3977 qui
2338 3905 2558 3959 annales
2595 3921 2706 3957 no-

529 3980 666 4025 stros
691 3970 967 4027 Einhardo
996 3974 1454 4039 abiudicaverunt,
1494 3993 1610 4028 eam
1642 3984 1846 4030 tantum
1880 3978 1949 4031 oh
1979 3995 2195 4031 causam
2227 3980 2415 4049 sugere
2447 3977 2705 4048 potuisse,

531 4045 675 4115 quod
712 4044 769 4097 in
808 4045 1029 4100 historia
1071 4047 1433 4100 translationis
1473 4048 1588 4101 dies
1633 4051 1714 4107 17.
1756 4047 2008 4115 Ianuarii,
2050 4050 2106 4104 in
2145 4051 2428 4105 annalibus
2465 4048 2708 4103 October

529 4117 729 4170 mensis
765 4119 1131 4172 translationis
1173 4119 1377 4189 epocha
1415 4120 1650 4175 sistatur.
