3027 4904
609 379 753 450 100
1218 373 1670 446 ElNHARDl
1720 373 2153 447 ANNALES

602 570 822 653 atque
893 554 1307 627 Sardiniam
1375 579 1603 654 parva
1669 557 1907 630 classe
1960 556 2534 650 circumvectus,
2604 579 2775 626 cum

602 658 887 728 nullum
940 656 1010 727 in
1063 653 1249 726 mari
1285 654 1602 751 piratam
1654 655 2082 751 invenisset
2135 654 2208 727 in
2246 655 2569 727 Africam
2625 664 2772 726 tra-

601 755 810 851 iecit,
886 767 957 827 et
1008 756 1200 828 inter
1251 755 1537 827 Uticam
1595 767 1810 852 atque
1863 755 2342 849 Kartaginem
2395 778 2772 850 egressuS,

601 853 1525 927 innumeramdncolarum
1580 855 2128 928 multitudinem
2183 853 2425 927 subito
2467 878 2774 949 congre-

600 966 848 1050 gatam
902 952 1247 1049 offendit,
1301 977 1467 1025 cum
1522 978 1664 1050 qua
1717 967 1789 1027 et
1840 954 2203 1051 proelium
2252 954 2643 1048 conseruit,
2699 964 2776 1053 et

604 1054 985 1151 quinquies
1054 1053 1175 1124 vel
1248 1075 1335 1123 eo
1391 1054 1708 1149 amplius
1775 1056 2017 1125 fusam
2075 1055 2552 1151 fugatamque
2606 1078 2774 1150 pro-

602 1154 920 1249 fligavit,
986 1175 1402 1247 magnaque
1455 1154 1801 1225 Afrorum
1859 1153 2325 1231 multitudine
2379 1164 2772 1251 prostrata,

604 1251 1275 1350 aliquantisetiam
1329 1251 1688 1332 sotiorum
1741 1277 2048 1326 suorum
2098 1277 2232 1350 per
2275 1252 2775 1325 temeritatem

604 1353 934 1446 amissiS,
988 1353 1058 1423 in
1115 1374 1340 1422 naves
1395 1375 1568 1424 suas
1622 1376 1703 1424 se
1757 1352 2057 1448 recepit,
2113 1363 2329 1449 atque
2383 1353 2524 1424 hoc
2579 1355 2772 1424 facto

605 1452 980 1547 ingentem
1047 1451 1245 1523 Afris
1310 1450 1656 1524 timorem
1726 1452 2050 1524 incussit.
2167 1452 2372 1524 Luna
2421 1452 2775 1525 Kalendis

603 1553 733 1623 Iul.
788 1550 1027 1648 primo
1085 1549 1427 1626 diluculo
1459 1551 1533 1621 in
1586 1575 1851 1624 occasu
1904 1576 2037 1624 suo
2073 1550 2379 1643 defecit3
2434 1552 2777 1624 similiter

605 1663 680 1724 et
732 1651 803 1721 in
856 1650 922 1723 8.
957 1650 1326 1722 Kalendas
1362 1650 1704 1746 Ianuarii,
1761 1651 1831 1722 id
1887 1663 2000 1724 est
2054 1651 2125 1721 in
2181 1653 2423 1723 natale
2451 1651 2774 1746 Domini,

603 1750 848 1821 media
915 1760 1129 1821 nocte
1196 1748 1586 1822 obscurata
1641 1762 1774 1823 est.
1898 1751 2302 1847 Imperator
2354 1750 2544 1822 circa
2597 1751 2773 1823 mis-

604 1874 766 1921 sam
818 1848 1046 1922 sancti
1082 1848 1375 1921 Martini
1413 1849 1876 1945 Aquasgrani
1922 1850 2013 1921 ad
2043 1849 2516 1922 hiemandum
2550 1851 2774 1946 venit,

605 1948 846 2044 ibique
900 1948 1220 2045 posituS,
1275 1959 1513 2021 totum
1568 1949 1855 2021 hiberni
1912 1949 2269 2046 temporis
2324 1950 2644 2046 spatium
2698 1951 2771 2021 in

606 2047 915 2120 diversis
984 2047 1463 2120 conventibus
1545 2050 1638 2121 ob
1709 2048 2127 2123 necessaria
2201 2050 2411 2144 regni
2474 2049 2775 2145 negotia

605 2148 1074 2243 congregatis
1142 2149 1494 2245 inpendit.

750 2249 920 2320 829.
990 2248 1164 2320 Post
1216 2259 1547 2320 exactam
1584 2247 1908 2320 hiemem
1962 2248 2035 2320 in
2090 2249 2250 2346 ipso
2305 2260 2556 2322 sancto
2597 2274 2771 2346 qua-

608 2345 1081 2440 dragesimali
1163 2346 1472 2462 ieiunio,
1544 2348 1794 2445 paucis
1864 2361 2032 2421 ante
2097 2360 2429 2421 sanctum
2499 2349 2775 2445 pascha

604 2445 889 2542 diebus,
937 2449 1277 2544 Aquasg1
1282 2473 1398 2520 am
1434 2461 1676 2522 terrae
1727 2461 1973 2522 motus
2026 2460 2246 2522 noctu
2283 2450 2544 2543 factuS,
2598 2474 2772 2524 ven-

609 2559 871 2643 tusque
925 2559 1076 2620 tam
1129 2549 1533 2620 vehemens
1588 2560 1921 2642 coortus,
2001 2560 2078 2620 ut
2146 2573 2292 2621 non
2347 2550 2586 2621 solum
2640 2550 2771 2621 hu-

605 2647 933 2728 miliores
1004 2646 1311 2746 domos7
1380 2671 1638 2720 verum
1705 2648 1928 2720 etiam
1993 2649 2231 2745 ipsam
2292 2659 2586 2720 sanctae
2638 2649 2774 2720 Dei

606 2745 983 2841 genitricis
1037 2741 1459 2842 basilicam,
1516 2771 1736 2843 quam
1791 2749 2150 2845 capellam
2204 2760 2507 2844 vocant
2547 2761 2770 2841 tegu-

607 2845 697 2917 lis
765 2845 1132 2942 plumbeis
1203 2857 1512 2939 tectam,
1586 2871 1673 2917 ex
1728 2859 1936 2943 parte
2004 2872 2148 2918 non
2205 2848 2490 2919 modica
2545 2847 2771 2917 denu-

609 2944 835 3016 daret.
954 2943 1365 3039 Imperator
1434 2968 1611 3016 vero
1677 2945 1748 3016 in
1803 2945 2113 3018 diversis
2176 2945 2772 3043 occupationibus

604 3068 835 3140 usque
892 3043 982 3115 ad
1035 3043 1405 3118 Kalendas
1458 3045 2099 3141 Iul.*Aquasgrani
2171 3056 2540 3139 moratus,
2616 3058 2770 3119 tan-

606 3144 779 3232 dem
847 3144 939 3214 ad
992 3146 1421 3256 generalem
1488 3156 1928 3217 conventum
1980 3145 2444 3218 Wormaciae
2497 3145 2771 3217 haben-

609 3242 785 3314 dum
838 3267 1002 3314 cum
1058 3244 1405 3317 comitatu
1459 3267 1591 3316 suo
1646 3267 1902 3315 mense
1926 3248 2262 3340 Augusto
2317 3245 2572 3317 statuit
2604 3268 2771 3356 pro-

608 3341 851 3414 ficisci.
956 3341 1104 3414 Sed
1159 3344 1583 3439 priusquam
1634 3343 1805 3415 inde
1857 3356 2371 3440 promoveret.
2426 3345 2774 3415 nuncium

609 3440 914 3538 accepit
968 3442 1486 3514 Nordmannos
1544 3442 1732 3513 velle
1773 3432 2373 3515 Transalbianam
2412 3442 2772 3515 Saxoniae

609 3541 994 3636 regionem
1071 3542 1457 3637 invadere,
1537 3552 1751 3654 atque
1830 3544 2227 3615 exercitum
2315 3566 2572 3616 eorum
2650 3543 2773 3640 qui

608 3643 750 3713 hoc
812 3642 1136 3713 facturus
1202 3653 1439 3737 esset,
1504 3642 1777 3714 nostris
1842 3640 2109 3715 finibus
2161 3643 2776 3739 adpropinquare.

612 3742 772 3828 Quo
844 3740 1110 3813 nuncio
1180 3753 1637 3834 commotus.,
1704 3740 1906 3814 misit
1968 3740 2040 3812 in
2115 3766 2373 3814 omnes
2427 3743 2776 3814 Franciae

608 3851 892 3937 partes,
969 3852 1041 3913 et
1110 3840 1320 3913 iussit
1387 3853 1467 3914 ut
1536 3866 1702 3912 cum
1757 3864 2044 3913 summa
2101 3839 2569 3914 festinatione
2622 3853 2779 3914 tota

606 3939 857 4037 populi
914 3940 1023 4011 sui
1061 3940 1507 4035 generalitas
1561 3950 1734 4036 post
1785 3965 1864 4012 se
1921 3938 1994 4011 in
2034 3939 2431 4012 Saxoniam
2471 3943 2778 4035 veniret,

608 4039 935 4111 indicans
1005 4040 1256 4132 simul,
1334 4038 1530 4110 velle
1601 4062 1681 4111 se
1754 4038 1942 4136 apud
2015 4037 2462 4111 Novesium1
2533 4042 2776 4114 medio

616 4160 662 4230 1)
699 4158 847 4215 Neus
886 4170 1071 4215 contra
1111 4160 1451 4215 Diisseldorf.
