3027 4904
1288 341 1368 411 A.
1425 337 1591 410 823.
2423 338 2522 412 87

353 532 512 594 acta
565 519 966 593 autumnali
1024 517 1432 613 venatione,
1488 518 1580 590 ad
1632 519 1789 593 Kal.
1847 515 2286 591 Novembris
2338 518 2524 593 sicut

351 618 780 692 condixerat
834 619 1368 715 Compendium
1421 617 1641 689 venit.
1746 616 2008 712 Legati
2039 618 2352 689 Romam
2399 642 2519 691 ve·

351 720 659 815 nienteS‚
712 717 818 790 rei
871 729 1126 812 gestae
1181 716 1693 791 certitudinem
1725 715 2030 813 adsequi
2074 741 2218 788 non
2261 726 2518 814 potue-

348 830 554 913 runt
625 818 792 929 quia
844 816 1216 890 Paschalis
1280 815 1614 928 pontifex
1650 820 1742 886 'et
1794 840 1875 889 se
1930 815 2020 888 ab
2075 814 2293 888 huius
2346 818 2514 890 facti

351 916 864 989 communione
906 939 1073 988 cum
1100 939 1386 1017 magno
1427 915 1944 1012 episcoporum
1982 937 2287 986 numero
2326 915 2516 988 iure-

347 1017 650 1088 iurando
721 1004 1172 1127 purificavit,
1253 1027 1327 1088 et
1390 1013 1905 1088 interfectores
1973 1013 2516 1112 praedictorum

345 1115 756 1209 hominum,
807 1114 976 1210 quia
1030 1115 1120 1186 de
1173 1114 1455 1186 familia
1507 1114 1738 1188 sancti
1782 1114 1975 1188 Petri
2029 1125 2264 1209 erant⁷
2318 1138 2515 1186 sum-
2587 1178 2588 1181 ,

345 1237 651 1310 mopere
716 1212 1159 1310 defendens⁷
1224 1223 1559 1286 mortuos
1611 1214 1814 1285 velut
1863 1212 2274 1286 maiestatis
2345 1237 2513 1286 reos

348 1312 899 1408 condemnavit,
978 1313 1136 1384 iure
1202 1335 1458 1386 caesos
1531 1313 2065 1433 pronuntiavit,
2134 1323 2349 1408 atque
2421 1312 2513 1383 ob

347 1413 488 1485 hoc
539 1435 708 1484 cum
760 1410 1176 1508 praedictis,
1227 1411 1351 1508 qui
1405 1412 1540 1484 ad
1553 1435 1725 1484 eum
1775 1411 1981 1484 missi
2034 1413 2357 1505 fuerant,
2412 1413 2514 1483 le·

344 1511 536 1607 gatis
588 1511 991 1582 Iohannem
1043 1510 1322 1584 Silvae·
1329 1510 1686 1583 candidae
1737 1512 2166 1608 episcopum
2220 1519 2297 1583 et
2338 1465 2515 1583 ³Ser·

343 1610 544 1706 gium
603 1607 1273 1706 bibliothecarium,
1336 1610 1737 1698 Quirinum
1790 1632 2079 1707 quoque
2131 1606 2514 1682 subdiaco-

343 1733 524 1781 num
575 1733 661 1780 ac
712 1707 1038 1781 Leonem
1093 1709 1535 1804 magistrum
1587 1709 1932 1781 militum
1974 1708 2066 1781 ad
2122 1709 2513 1805 imperato-

341 1831 503 1880 rem
554 1807 777 1880 misit.
883 1808 1022 1896 Qui
1077 1831 1245 1880 cum
1297 1818 1446 1880 tam
1500 1832 1634 1905 per
1682 1809 1849 1881 illos
1901 1830 2120 1905 quam
2166 1832 2298 1905 per
2338 1832 2513 1880 suos

342 1909 627 2002 legatos
680 1906 771 1978 de
824 1918 1287 1981 sacramento
1325 1907 1691 2004 pontificis
1723 1916 1800 1980 et
1837 1908 2307 1981 excusatione
2347 1931 2511 1979 reo-

339 2030 506 2078 rum
571 2005 1091 2103 comperisset7
1159 2006 1341 2077 nihil
1406 2005 1545 2079 sibi
1616 2009 1806 2079 ultra
1868 2007 1942 2078 in
2010 2008 2152 2079 hoc
2212 2006 2511 2101 negotio

340 2105 757 2177 faciendum
807 2116 1035 2199 ratus⁷
1087 2116 1579 2177 memoratum
1627 2106 2030 2177 Iohannem
2084 2106 2510 2218 episcopum

343 2215 419 2277 et
470 2204 711 2284 socios
763 2204 922 2277 eius
975 2203 1067 2275 ad
1117 2202 1569 2302 pontificem,
1633 2205 1805 2277 dato
1860 2205 2341 2277 conveniente
2394 2228 2509 2277 re-

274 2371 279 2373 ,
340 2327 641 2400 sponso7
694 2301 998 2377 remisit.
1102 2303 1526 2399 Ceadragus
1577 2303 2102 2377 Abodritorum
2165 2303 2510 2402 princeps

335 2401 983 2501 pollicitationibus
1034 2403 1187 2476 suis
1238 2402 1595 2476 adhibens
1649 2402 1916 2499 fidem,
1983 2427 2149 2475 cum
2216 2403 2509 2516 quibus-

341 2503 515 2574 dam
566 2502 1006 2598 primoribus
1058 2503 1310 2599 populi
1365 2502 1477 2575 sui
1533 2502 2068 2600 Compendium
2125 2503 2348 2600 venit,
2404 2502 2511 2574 di-

338 2599 611 2697 latique
664 2625 797 2698 pei
847 2612 958 2675 tot
1009 2624 1240 2673 annos
1294 2602 1656 2675 adventus
1704 2601 1818 2675 sui
1855 2601 2219 2675 rationem
2260 2625 2510 2675 coram

340 2703 788 2798 imperatore
856 2726 1002 2773 non
1067 2700 1620 2813 inprobabiliter
1681 2700 2022 2775 reddidit.
2144 2702 2284 2790 Qui
2335 2702 2510 2774 licet

334 2802 415 2872 in
483 2799 920 2896 quibusdam
991 2800 1230 2873 causis
1307 2800 1694 2899 culpabilis
1770 2813 2187 2899 appareret,
2256 2813 2505 2875 tamen

338 2911 645 2997 propter
696 2900 958 2972 merita
1009 2910 1400 2998 parentum
1454 2924 1757 2973 suorum
1812 2926 1959 2973 non
2012 2900 2255 2973 solum
2297 2901 2505 2997 inpu-

340 2998 571 3111 nitus,-
616 3021 876 3069 verum
928 2999 1354 3071 muneribus
1407 3000 1720 3073 donatus
1772 3001 1864 3071 ad
1917 3023 2228 3093 regnum
2265 2998 2506 3071 redire

338 3096 744 3195 permissus
797 3107 930 3169 est.
1030 3099 1354 3170 Venerat
1405 3111 1480 3172 et
1529 3099 1926 3170 Harioldus
1965 3098 2055 3169 de
2097 3098 2506 3170 Nordman-

338 3196 497 3294 nia,
576 3194 924 3278 auxilium
975 3205 1236 3291 petens
1307 3208 1559 3269 contra
1624 3196 1818 3270 filios
1888 3195 2309 3292 Godofridi‚
2381 3198 2505 3294 qui

339 3320 507 3368 eum
562 3296 798 3393 patria
861 3297 1140 3393 pellere
1192 3296 1705 3391 minabantur
1771 3296 1864 3368 ob
1935 3296 2139 3369 cuius
2203 3319 2505 3369 causam

339 3393 758 3489 diligentius
810 3396 1338 3495 explorandam
1391 3397 1484 3469 ad
1537 3396 1839 3470 eosdem
1892 3395 2083 3469 filios
2120 3395 2507 3469 Godofridi

341 3493 826 3569 Theotharius
891 3508 964 3569 et
1030 3495 1610 3592 Hruodmundus
1688 3496 1993 3570 comites
2062 3496 2270 3569 missi
2347 3497 2504 3568 fue-

248 3606 253 3610 ·
338 3603 548 3686 runt,
625 3594 749 3689 qui
802 3605 876 3666 et
928 3618 1226 3668 causam
1290 3595 1612 3669 filiorum
1665 3595 2049 3670 Godofridi
2102 3605 2178 3667 et
2229 3604 2503 3668 statum

337 3692 564 3764 totiu's
613 3691 823 3785 regni
872 3693 1516 3768 Nordmannorum
1567 3695 1958 3791 diligenter
2009 3694 2503 3790 exploranteS,

338 3790 739 3864 adventum
821 3792 1148 3865 Harioldi
1226 3805 1826 3891 praecesserunt,
1914 3804 1990 3865 et
2073 3793 2502 3889 imperatori

340 3890 585 3964 omnia
640 3914 828 3987 quae
880 3891 951 3963 in
1003 3892 1146 3965 illis
1199 3893 1622 3988 regionibus
1660 3891 2067 3990 comperire
2108 3903 2505 3988 potuerunt

340 3991 865 4086 patefecerunt.
968 3992 1152 4065 Cum
1205 3991 1466 4106 quibus
1518 4005 1596 4066 et
1633 3993 1787 4066 Ebo
1822 3993 2222 4065 Remorum
2269 3992 2501 4065 archi-

342 4089 768 4188 episcopm,
833 4089 954 4187 qui
1027 4090 1329 4164 consilio
1392 4091 1864 4190 imperatoris
1933 4104 2007 4165 et
2072 4092 2503 4167 auctoritate
