3027 4904
577 372 675 446 50
1192 371 1643 445 EINHARDI
1696 371 2128 444 ANNALES

572 551 778 648 *fugis
834 552 1253 648 reddendis,
1307 554 1554 627 medio
1588 552 2056 651 Septembrio
2111 549 2494 624 Coloniam
2522 552 2747 625 venit.

579 652 1052 749 Dimissoque
1122 654 1490 745 exercitu,
1569 677 1812 749 primo
1892 630 2397 748 Aquasgrani⁷
2478 650 2747 724 deinde

578 752 1051 825 Arduennam
1083 751 1289 849 petit,
1346 764 1418 826 et
1448 751 1957 826 venationibus
1995 752 2414 847 indulgens⁷
2466 752 2746 847 Aquas-

578 853 788 947 grani
840 876 1185 924 reversus
1239 863 1369 924 est.
1478 851 1719 924 Medio
1772 851 2220 924 Novembrio
2276 852 2579 923 allatum
2634 862 2750 923 est

582 951 692 1045 ei
768 951 1090 1023 Leonem
1142 975 1410 1049 papam
1465 953 1791 1024 natalem
1842 952 2136 1024 Domini
2191 974 2360 1023 cum
2413 973 2503 1023 eo
2558 950 2749 1022 cele-

578 1051 797 1123 hiare
864 1052 1098 1142 velle,
1167 1050 1607 1146 ubicumque
1677 1051 1818 1123 hoc
1882 1051 2312 1144 contingere
2366 1049 2745 1146 potuisset.

582 1153 822 1239 Quem
891 1149 1167 1242 statim,
1222 1151 1451 1221 misso
1496 1149 1589 1222 ad
1648 1162 1986 1223 sanctum
2037 1148 2471 1222 Mauricium
2525 1149 2746 1221 Karlo

580 1249 729 1321 filio
785 1273 956 1346 suo,
1010 1248 1411 1321 honorifice
1465 1248 1841 1346 suscipere
1894 1249 2130 1321 iussit.
2232 1249 2402 1345 lpse
2457 1248 2747 1335 obviam

579 1348 687 1420 illi
740 1349 1142 1421 Remorum
1209 1348 1586 1420 civitatem
1637 1351 2014 1445 profectus
2069 1360 2220 1443 est,
2290 1348 2535 1444 ibique
2588 1372 2746 1421 sus—

575 1459 914 1545 ceptum⁷
1004 1447 1242 1545 primo
1323 1447 1772 1521 Carisiacum
1849 1448 2142 1543 villam⁷
2220 1446 2344 1519 ubi
2423 1449 2748 1519 natalem

579 1546 873 1619 Domini
928 1546 1364 1644 celebravit,
1418 1547 1683 1619 deinde
1739 1547 2198 1643 Aquasgrani
2254 1546 2617 1645 perduxit,
2673 1557 2750 1620 et

581 1647 934 1719 donatum
973 1647 1260 1741 magnis
1314 1647 1766 1742 muneribus,
1821 1671 1954 1746 per
1994 1647 2407 1719 Baioariam
2459 1647 2564 1719 ire
2615 1670 2745 1718 vo-

582 1747 898 1841 lentem,
956 1745 1215 1817 deduci
1269 1746 1443 1818 fecit
1496 1771 1728 1843 usque
1776 1748 2225 1819 Ravennam.
2332 1748 2566 1819 Causa
2621 1745 2744 1818 ad-

581 1857 846 1918 ventus
901 1845 1056 1917 cius
1108 1846 1292 1917 haec
1345 1857 1539 1918 erat:
1621 1847 1987 1920 Perlatum
2042 1858 2155 1920 est
2209 1845 2299 1918 ad
2353 1845 2745 1958 imperato-

583 1968 743 2016 rem
796 1956 1074 2018 aestate
1127 1945 1560 2042 praeterita,
1616 1945 1883 2019 Christi
1935 1945 2372 2041 sanguinem
2428 1946 2499 2016 in
2541 1948 2745 2016 Man—

581 2056 706 2118 tua
759 2043 1050 2118 civitate
1106 2043 1337 2116 fuisse
1390 2057 1807 2142 repertum3
1860 2059 2162 2145 propter
2214 2046 2352 2116 hoc
2404 2044 2602 2116 misit
2653 2043 2747 2114 ad

579 2167 890 2241 papam
954 2153 1217 2241 petens
1284 2154 1367 2216 ut
1416 2143 1633 2216 huius
1688 2147 1932 2219 famae
1983 2146 2376 2219 veritatem
2428 2143 2745 2256 inquire-

582 2253 716 2315 ret.
850 2244 989 2331 Qui
1078 2256 1378 2340 accepta
1461 2244 1846 2317 occasione
1915 2243 2263 2358 exeundi7
2349 2242 2590 2341 primo
2669 2243 2742 2314 in

579 2340 1212 2438 Langobardiam,
1307 2344 1515 2439 quasi
1608 2369 1742 2441 pro
1821 2343 2292 2442 inquisitione
2372 2343 2744 2440 praedicta

580 2443 955 2556 profectus
1027 2454 1177 2538 est,
1248 2441 1567 2541 indeque
1621 2457 1915 2544 arrepto
1967 2445 2274 2540 itinere,
2341 2441 2582 2516 subito
2652 2441 2741 2514 ad

579 2544 1104 2640 imperatorem
1137 2567 1366 2655 usque
1411 2547 1766 2642 pervenit.
1843 2546 2256 2643 Mansitque
2288 2543 2483 2641 apud
2534 2542 2744 2614 illum

580 2642 739 2715 dies
793 2653 995 2737 octo⁷
1063 2654 1138 2715 et
1188 2642 1379 2715 sicut
1428 2644 1702 2718 dictum
1756 2656 1911 2740 est⁷
1978 2646 2292 2717 Romam
2348 2641 2741 2740 repedavit.

727 2742 895 2816 805.
976 2743 1134 2814 Non
1189 2744 1424 2815 multo
1446 2756 1631 2856 ‘post
1660 2747 2065 2843 Capcanu57
2118 2745 2460 2842 princeps
2496 2742 2741 2813 Huno—

579 2863 769 2936 rum,
821 2852 1126 2939 propte1
1177 2844 1700 2917 necessitatem
1752 2845 2004 2943 populi
2058 2844 2172 2916 sui
2220 2845 2739 2940 imperatorem

581 2939 797 3034 adiit⁷
874 2940 1258 3037 postulans
1344 2941 1481 3013 sibi
1560 2943 1805 3016 locum
1878 2944 2034 3017 dari
2102 2944 2193 3018 ad
2265 2941 2743 3030 habitandum

578 3039 770 3112 inter
807 3035 1237 3112 Sabariam1
1293 3051 1369 3112 et
1404 3043 1928 3138 Carnuntum2‚
1981 3042 2149 3139 quia
2201 3052 2506 3139 propter
2559 3042 2741 3113 infe-

579 3139 975 3212 stationem
1029 3139 1463 3212 Sclavorum
1518 3141 1590 3213 in
1646 3143 1969 3240 pristinis
2024 3142 2323 3214 sedibus
2376 3164 2541 3212 esse
2597 3164 2741 3211 non

575 3249 887 3334 poterat.
995 3240 1234 3327 Quem
1285 3238 1693 3338 imperator
1743 3243 2058 3337 benigne
2113 3240 2434 3336 suscepit
2472 3283 2544 3293 —-
2585 3249 2744 3311 erat

462 3337 514 3385 -’
578 3337 776 3409 enim
829 3339 1211 3434 Capcanus
1265 3340 1744 3437 christianus,
1814 3341 2109 3413 nomine
2162 3336 2590 3411 Theodorus
2647 3378 2738 3388 —

581 3447 655 3509 et
687 3436 1027 3533 precibus
1058 3437 1214 3510 eius
1248 3462 1603 3536 annuens,
1645 3438 2070 3512 muneribus
2111 3438 2462 3511 donatum
2496 3436 2740 3510 redire

576 3536 935 3634 permisit.
1060 3537 1199 3624 Qui
1264 3539 1562 3612 rediens
1616 3540 1708 3611 ad
1761 3538 2119 3635 populum
2170 3561 2427 3629 suum,
2504 3560 2740 3635 pauco

576 3648 914 3735 tempore
985 3647 1351 3710 transacto
1416 3637 1617 3708 diem
1684 3637 1883 3711 obiit.
2001 3638 2093 3709 Et
2142 3636 2345 3711 misit
2397 3638 2740 3733 Caganus

577 3761 805 3810 unum
874 3736 964 3808 de
1037 3736 1513 3834 optimatibus
1585 3739 1777 3834 suis,
1848 3749 2106 3837 petens
2173 3736 2310 3810 sibi
2379 3738 2738 3809 honorem

577 3836 997 3934 antiquum⁷
1070 3860 1289 3932 quem
1346 3837 1686 3930 Caganus
1738 3840 1933 3935 apud
1986 3839 2241 3910 Hunos
2293 3834 2571 3910 habere
2622 3859 2739 3908 so-

576 3935 798 4016 lebat.
925 3936 1145 4010 Cuius
1214 3935 1557 4033 precibus
1627 3938 2028 4034 imperator
2081 3937 2474 4010 adsensum
2525 3957 2739 4032 prae-

575 4034 754 4133 buit,
808 4048 883 4110 et
932 4059 1302 4109 summam
1346 4035 1572 4110 totius
1627 4037 1835 4133 regni
1873 4038 2069 4110 iuxta
2103 4039 2425 4136 priscum
2480 4057 2741 4107 eorum

579 4157 625 4228 1)
664 4156 816 4215 Stein
865 4177 948 4213 am
984 4155 1172 4227 Anger
1225 4174 1392 4228 prope
1432 4154 1645 4214 Sarvar.
1790 4159 1843 4231 2)
1882 4158 2158 4215 Petronell
2208 4174 2380 4229 prope
2417 4155 2739 4227 Heimburg.
