3027 4904
489 293 537 365 8
1076 293 1531 367 EINHARDI
1583 292 2017 367 ANNALES

638 475 807 548 761.
877 474 1278 549 Waifarius
1332 475 1519 572 dux,
1572 499 2019 573 quamquam
2073 473 2371 548 obsides
2424 474 2670 549 dedis-

489 584 642 672 set,
696 586 1161 649 sacramenta
1204 576 1547 671 iurasset,
1602 575 1833 648 satius
1884 586 2131 648 tamen
2183 588 2414 671 ratus,
2468 576 2528 648 si
2575 575 2669 648 de

486 675 715 747 inlato
770 675 909 748 sibi
962 699 1153 748 anno
1208 676 1595 774 superiore
1647 672 1843 746 bello
1897 675 2257 747 ultionem
2311 675 2668 770 exigeret,

489 774 892 847 exercitum
945 799 1200 871 suum,
1267 775 1386 872 qui
1440 775 1891 847 Francorum
1958 775 2473 872 possessiones
2542 800 2671 874 po·

489 874 914 973 pularetur,
969 898 1199 970 usque
1253 875 1345 946 ad
1384 873 1846 949 Cabillonem
1898 874 2273 947 civitatem
2329 874 2503 947 fecit
2554 898 2672 948 ac-

491 974 776 1047 cedere.
904 974 1120 1062 Quod
1189 998 1358 1046 cum
1425 973 1731 1072 Pippino
1801 973 1962 1068 regi
2019 975 2448 1069 generalem
2502 997 2672 1046 con-

489 1085 793 1147 ventum
866 1073 1114 1168 agenti
1181 1073 1254 1145 in
1328 1073 1505 1145 villa
1574 1070 1839 1145 Duria1
1894 1072 2160 1147 fuisset
2220 1074 2672 1168 nunciatum,

491 1173 767 1246 coactis
801 1173 1120 1270 undique
1173 1172 1502 1269 auxiliis,
1558 1196 1727 1246 cum
1779 1196 2053 1268 magno
2109 1173 2281 1245 belli
2318 1184 2674 1272 apparatu

490 1273 956 1371 Aquitaniam
989 1275 1399 1368 ingressus,
1453 1272 1820 1369 quaedam
1862 1273 2080 1368 opida
2111 1283 2330 1368 atque
2372 1274 2675 1346 castella

491 1397 714 1445 manu
786 1373 1017 1470 cepit:
1086 1373 1160 1442 in
1228 1371 1492 1469 quibus
1546 1371 1944 1469 praecipua
2013 1372 2220 1444 fuere
2283 1371 2674 1469 BurboniS,

493 1471 848 1568 Cantilla,
925 1469 1438 1545 clarmontis2.
1565 1471 1949 1560 Quaedam
2017 1494 2098 1543 se
2168 1471 2429 1542 victori
2480 1472 2673 1546 ultro

494 1571 970 1670 dediderunt,
1025 1571 1491 1668 maximeque
1547 1572 2048 1643 Arvernorum
2103 1571 2430 1665 castella,
2486 1594 2674 1669 quae

492 1683 666 1745 tunc
736 1670 931 1744 bello
985 1669 1534 1768 premebantur.
1639 1670 1795 1742 Rex
1867 1682 2118 1744 tamen
2173 1682 2434 1743 cuncta
2486 1693 2676 1768 quae

495 1782 702 1843 extra
770 1769 1218 1843 munitiones
1273 1769 1584 1861 invenit,
1652 1771 1853 1842 ferro
1924 1781 1997 1843 et
2048 1770 2199 1865 igni
2255 1771 2674 1866 devastan5‚

494 1881 885 1968 postquam
954 1870 1045 1942 ad
1113 1867 1575 1943 Limovicas3
1628 1868 1981 1967 oppidum
2033 1869 2273 1966 venit,
2327 1894 2678 1945 reversus

497 1981 671 2063 est„
707 1980 779 2042 et
832 1970 903 2041 in
955 1971 1134 2042 villa
1187 1969 1555 2044 Carisiaco
1612 1969 1941 2042 hibernis
1994 1967 2297 2066 habitis⁷
2351 1972 2677 2049 natalem

496 2068 790 2141 Domini
864 2093 950 2142 ac
1000 2071 1276 2169 pascha
1333 2069 1747 2142 celebravit.
1868 2070 1950 2142 In
2017 2070 2157 2142 hac
2209 2070 2679 2168 expeditione

499 2168 637 2240 fuit
690 2192 856 2240 cum
909 2192 1090 2264 rege
1144 2167 1339 2242 filius
1410 2169 1570 2242 eius
1622 2169 2161 2267 primogenitus
2212 2171 2518 2265 Karlus,
2585 2170 2680 2242 ad

498 2291 719 2366 quem
772 2279 943 2365 post
993 2268 1224 2367 patris
1296 2267 1580 2342 obitum
1630 2269 1925 2366 imperii
1979 2293 2271 2341 summa
2324 2293 2683 2345 conversa

498 2379 633 2441 est.

649 2468 816 2541 762.
892 2467 1243 2566 Pippinus
1314 2491 1446 2541 rex
1510 2479 1855 2567 suscepto
1928 2493 1973 2540 a
2042 2492 2125 2543 se
2190 2468 2385 2542 bello
2454 2468 2682 2543 finem

497 2567 891 2665 inponere.
927 2568 1269 2665 cupiens,
1339 2568 1612 2662 iterum
1667 2568 2173 2665 Aquitanicam
2224 2569 2681 2667 provinciam

501 2690 669 2744 cum
721 2665 1012 2760 magnis
1067 2666 1296 2764 copiis
1349 2666 1605 2742 intrat:
1662 2668 2038 2765 captisque
2085 2665 2456 2739 Biturica⁴²
2508 2668 2680 2743 civi-

498 2776 653 2841 tate
708 2775 782 2838 et
837 2766 1136 2838 castello
1192 2766 1491 2838 Toarcis
1512 2764 1567 2863 ⁵,
1620 2767 2036 2840 revertitur.
2162 2766 2681 2865 Hiemavitque

499 2866 574 2938 in
642 2865 817 2936 villa
872 2862 1363 2959 Gentiliaco⁶3
1434 2877 1655 2963 atque
1719 2866 1796 2938 in
1864 2890 1950 2938 ea
2012 2864 2333 2940 natalem
2383 2868 2680 2941 Domini

503 2990 589 3038 ac
640 2964 1006 3063 paschalis
1062 2965 1231 3037 festi
1285 2965 1676 3038 sollemnia
1732 2966 2155 3041 celebravit.

603 3065 772 3140 763.
852 3064 1231 3137 Redeunte
1285 3065 1456 3137 anni
1516 3090 1843 3161 congruo
1898 3078 2262 3165 ternpore,
2317 3078 2681 3141 conventu

501 3165 574 3236 in
630 3162 1016 3236 Nivernis⁷
1081 3163 1373 3260 habito,
1460 3176 1533 3238 et
1586 3168 1980 3241 contractis
2048 3168 2371 3263 undique
2425 3167 2680 3266 copiis⁷

502 3286 635 3335 rex
701 3264 1052 3362 Pippinus
1116 3264 1585 3361 Aquitaniam
1652 3268 1957 3363 repetit,
2038 3278 2111 3340 et
2178 3266 2424 3337 omnia
2492 3289 2682 3363 quae

506 3375 710 3435 extra
776 3362 1225 3436 munitiones
1289 3374 1500 3435 erant
1565 3365 1763 3437 ferro
1833 3376 1906 3438 et
1957 3366 2111 3461 igni
2163 3365 2680 3464 depopulatuS‚

504 3485 739 3558 usque
794 3461 896 3534 ad*
942 3460 1421 3537 Caduroiam⁸
1473 3462 1775 3560 opi-dum
1841 3466 2171 3544 accessit.
2250 3465 2458 3538 ·Inde
2511 3490 2683 3540 cum

504 3563 796 3658 integro
870 3562 1194 3635 exercitu
1263 3562 1339 3635 in
1403 3562 1790 3636 Franciam
1857 3588 1938 3638 se
2000 3576 2475 3663 recepturus,
2548 3564 2685 3664 per

505 3661 980 3736 Lemovicam
1034 3663 1471 3757 regreditur.
1550 3663 1659 3735 De
1701 3688 1843 3762 qua
1899 3665 2680 3764 expeditioneTassilo

508 3760 889 3835 Baioariae
967 3762 1153 3858 dux,
1235 3762 1698 3860 aegritudine
1781 3788 1917 3862 per
1988 3763 2677 3862 dolumsimulata⁷

510 3929 559 4001 1)
595 3929 783 3984 Diiren
838 3932 981 3986 inter
1017 3930 1300 3987 Coloniam
1339 3941 1392 3988 et
1442 3931 1650 4005 Aquas,
1792 3934 1846 4005 2)
1884 3934 2174 4003 Bourbon,
2236 3933 2682 3990 Chantelle-le-

510 4002 726 4056 Chastel
764 4010 818 4056 et
856 4001 1154 4059 Clermont.
1298 4005 1350 4077 3)
1387 4005 1661 4077 LimogeS.
1819 4005 1872 4080 4)
1909 4007 2062 4065 Bour
2098 4027 2174 4064 οε.
2321 4006 2371 4079 5)
2410 4003 2679 4061 Thouars.

509 4074 561 4148 6)
603 4072 843 4149 Gentilly
876 4092 1050 4149 prope
1085 4075 1342 4137 Parisios,
1382 4139 1391 4147 ἡ
1492 4078 1545 4152 7)
1581 4076 1804 4137 Novem.
1947 4082 2001 4155 8)
2086 4081 2262 4137 ahoi-s.
