3027 4904
581 352 673 426 is
1197 344 1654 418 EINHARDI
1706 330 2139 420 ANNALES

582 532 1209 632 oppugnationem
1273 527 1687 624 dimittere,
1758 528 1892 600 sed
1962 528 2189 601 etiam
2244 529 2504 624 fugere
2559 550 2757 604 eom·

582 632 967 732 pulerunt,
1019 629 1504 726 palantesque
1560 652 1644 700 ac
1695 627 2221 727 dispersosad
2270 629 2607 728 Lippiam
2636 656 2756 704 us-

583 755 724 829 que
775 728 1081 802 fluvium
1132 729 1499 826 persecuti
1549 739 1743 801 sunt.
1823 728 2245 800 Haeecum
2297 730 2458 826 regi
2514 732 2758 805 adlata

583 831 938 924 fuissent,
993 840 1365 901 conventu.
1412 829 1607 926 apud
1643 827 2143 931 Wormaciam
2195 827 2473 927 habite,
2502 832 2758 933 'Saxo-

585 930 783 1003 niam
847 929 1004 1001 sine
1064 952 1280 1000 >mora
1333 930 1588 1002 statuit
1658 952 1829 1000 cum
1901 927 2225 1001 exercitu
2281 943 2759 1028 esse2peten·

585 1031 798 1125 dam,
854 1028 1390 1125 contractisque
1430 1026 1865 1123 ingentibus
1920 1029 2189 1141 copiis,
2251 1038 2451 1100 tanta
2505 1031 2758 1132 eeleri-

582 1141 732 1204 tate
786 1127 878 1200 ad
916 1129 1364 1201 destinatum
1417 1153 1460 1200 a
1512 1151 1594 1201 se
1648 1127 1720 1198 in
1760 1128 2078 1200 Saxoma
2120 1128 2365 1201 locum
2397 1131 2757 1226 pervenit,

587 1241 667 1303 ut
717 1247 978 1301 omnes
1029 1229 1355 1302 hostium
1406 1226 1762 1325 conatus7'
1795 1228 2058 1325 quibus
2111 1229 2178 1300 ei
2213 1227 2582 1313 »resistere
2631 1254 2758 1327 pa-

585 1329 872 1420 rabant,
925 1327 1054 1399 illa
1107 1328 1578 1402 festinatione
1615 1328 2141 1426 praeverteret.
2230 1329 2416 1400 Nam
2455 1326 2548 1401 ad
2599 1332 2759 1402 fon·

585 1427 1079 1524 temzLippiae
1132 1427 1459 1524 veniens,
1512 1427 1927 1500 inmensam
1962 1427 2156 1500 illius
2192 1426 2454 1527 perfidi
2506 1428 2759 1528 populi

586 1527 1140 1618 multitudinem
1178 1528 1383 1599 velut
1434 1526 1782 1601 devotam
1819 1552 1905 1599 ao
1939 1527 2371 1626 supplicem,
2426 1542 2499 1602 et
2538 1554 2760 1627 quam

588 1626 859 1702 erroris
928 1627 1047 1699 sui
1092 1628 1542 1725 poeniteret,
1607 1628 1920 1700 veniam
1957 1639 2418 1729 ‘poscentem'
2460 1630 2757 1702 invenit.

588 1728 721 1801 Cui
760 1750 975 1817 „cum
1031 1739 1105 1798 et
1170 1727 1744 1801 misericorditer
1793 1728 2238 1825 ignovisset,
2317 1741 2389 1802 et
2455 1753 2583 1803 eos
2639 1730 2761 1830 qui

488 1862 508 1870 ·
588 1825 1158 1900 se-christianos
1211 1825 1368 1899 fieri
1423 1829 1618 1899 velle
1670 1825 2193 1925 adfirmabant,
2249 1827 2601 1926 baptizari
2654 1832 2760 1903 fe·

588 1927 848 2023 cisset,
915 1925 1105 1998 datis
1152 1938 1233 2000 ,et
1287 1928 1606 2026 acceptis
1657 1952 1793 2026 pro
1845 1925 1993 2000 fide
2047 1930 2410 2001 servanda
2463 1929 2762 2002 fraudu·

587 2024 804 2098 lentis
858 2024 1263 2115 eorundem
1316 2026 1970 2125 p'romis'sionibuS,
2036 2028 2416 2102 obsidibus
2470 2054 2761 2128 quoque

588 2147 773 2223 quos
827 2123 1318 2223 imperaverat
1369 2128 1709 2225 receptis,
1760 2127 2233 2224 Aeresburgo
2271 2142 2512 2203 castro
2565 2130 2762 2229 quod

585 2224 920 2296 dirutum
987 2237 1148 2297 erat
1216 2237 1704 2324 restaurato,’
1754 2226 2046 2324 alioque
2113 2227 2466 2302 castello·1
2538 2254 2762 2328 super

585 2322 927 2420 Lippiam
963 2334 1410 2424 construetO,
1467 2327 1640 2399 etin
1696 2339 2004 2424 utroque
2043 2353 2187 2400 non
2226 2329 2516 2403 modico
2550 2353 2761 2429 prae-

587 2424 797 2498 sidio.
842 2424 1137 2520 relicte,
1221 2424 1383 2523 ipse
1451 2427 1526 2500 in
1590 2428 1908 2502 Galliam
1970 2451 2355 2526 reversus,
2445 2431 2520 2504 in
2586 2431 2762 2506 villa

585 2523 1012 2597 heristallio
1066 2525 1457 2599 hiemavit,
1745 2527 1750 2532 ’
2256 2541 2262 2546 ’
2548 2574 2553 2578 -

622 2679 629 2690 ,
738 2623 907 2696 777.
987 2624 1428 2723 Rex-prima
1482 2627 2155 2726 verisadspirante
2208 2627 2569 2725 temperie
2621 2630 2764 2701 No-

594 2721 1069 2817 viomagum2
1134 2718 1513 2820 profectus
1563 2737 1711 2821 est,
1785 2738 1857 2800 et
1911 2739 2079 2824 post
2131 2725 2580 2801 celebratam
2633 2728 2766 2799 ibi·-

586 2821 765 2893 'dem
816 2821 1184 2918 paschalis
1236 2826 1407 2897 festi
1462 2825 2063 2920 sollemnitatem,
2115 2839 2421 2923 propter
2466 2829 2764 2900 fraudu-

581 2922 832 3012 lentas
861 2922 1233 2994 Saxonum
1285 2925 1843 3022 promissiones,
1898 2925 2161 3023 quibus
2207 2926 2454 2999 fidem·
2489 2926 2765 3003 habere

584 3044 741 3092 non
798 3031 1112 3119 poterat,
1167 3023 1259 3093 ad
1310 3026 1555 3096 locum
1609 3024 1731 3121 qui
1773 3025 2220 3099 Padrabrun-
2251 3039 2581 3125 vocatur,
2637 3053 2765 3125 ge-

590 3122 924 3193 neralem
976 3124 1229 3219 populi
1265 3124 1375 3196 sui
1427 3127 1977 3199 conventumin
2011 3148 2097 3201 eo
2135 3127 2542 3224 habituruS,
2596 3152 2765 3201 eum

596 3220 878 3316 ingenti
940 3223 1261 3296 exercitu
1346 3227 1441 3295 in·
1490 3224 1887 3298 Saxoniam
1954 3225 2327 3325 profectus
2394 3238 2527 3301 est.
2657 3229 2763 3301 Eo

593 3344 763 3392 oum
828 3321 1195 3417 venisset,
1264 3336 1501 3396 totum
1568 3325 1897 3422 perfidae
1966 3328 2224 3421 gentis
2271 3339 2610 3401 senatum
2678 3351 2765 3400 ac

594 3419 992 3518 populum,
1044 3445 1263 3516 quem
1317 3421 1410 3494 ad
1465 3447 1547 3495 se
1600 3426 1851 3497 venire
1900 3425 2253 3518 iusserat,
2306 3428 2766 3524 morigerum

580 3543 682 3591 *ac
732 3520 1094 3593 fallaciter
1146 3521 1282 3593 sihi
1339 3522 1687 3596 devotum
1739 3525 2034 3598 invenit.
2137 3528 2326 3598 Nam
2379 3531 2615 3603 cuncti
2669 3529 2763 3601 ad

596 3642 765 3691 eum
817 3633 1179 3694 venerunt
1226 3632 1524 3719 praeter
1570 3622 2143 3721 Widichindum,
2199 3651 2422 3699 unum
2478 3653 2567 3701 ex
2618 3628 2762 3726 pri-

593 3719 922 3792 moribus
975 3719 1592 3816 westfalaorum,
1665 3725 1785 3821 qui
1840 3727 2241 3798 multorum
2297 3728 2434 3801 sibi
2489 3728 2760 3800 facino·

593 3835 760 3889 rum
812 3822 1181 3919 conscius,
1236 3834 1311 3895 et
1361 3822 1461 3894 ob.
1507 3824 1582 3895 id
1636 3821 1893 3920 regem
1946 3826 2257 3923 verituS,
2330 3828 2423 3899 ad
2477 3825 2759 3921 sigifri-

593 3916 772 3989 dum
822 3918 1202 3993 Danorum
1269 3946 1528 4018 regem
1579 3927 2033 4024 profugerat.
2156 3926 2397 4001 Ceteri
2460 3925 2581 4023 qui
2633 3947 2760 4003 ve?-
2811 3961 2816 3978 =

591 4029 893 4113 nerant,
949 4018 1020 4091 in
1071 4033 1357 4095 tantum
1410 4047 1491 4096 se
1523 4025 1743 4121 'regis
1795 4023 2146 4125 potestati
2198 4025 2630 4124 permisere,
2677 4038 2765 4102 'ut

521 4160 529 4164 ⁴
594 4150 641 4224 1)
679 4153 734 4206 in
772 4153 894 4206 loco
930 4150 1211 4225 Lippstadt
1246 4156 1415 4212 fuisse
1453 4158 1716 4213 existimo.
1874 4161 1929 4232 2)
1966 4159 2292 4230 Nimwegen.
