3027 4904
1135 342 1212 411 A.
1268 340 1436 415 807.
1493 340 1660 413 808.
2394 345 2492 415 55

321 521 637 594 statione
730 520 972 592 soluta
1067 520 1782 632 Constantinopolim
1873 544 2262 615 regressus
2353 537 2488 598 est.

319 620 476 692 Hoc
539 643 729 691 anno
799 618 1201 715 imperator
1250 619 1526 716 pascha
1576 620 1806 715 Aquis
1875 620 2273 695 celebravit
2323 648 2489 696 nec-

319 744 466 799 non
522 728 598 790 et
650 718 970 789 natalem
1022 719 1334 790 Domini.

471 816 636 891 808.
714 818 1021 915 Hiemps
1088 814 1529 889 mollissima
1577 817 1752 891 hac
1816 819 2168 916 pestilens
2222 819 2360 892 fuit
2412 820 2486 893 in

317 918 445 989 illo
517 929 888 1014 tempore,
958 940 1275 1012 vereque
1325 915 1718 991 inchoante
1768 918 2170 1015 impetator
2219 920 2486 993 Novio-

317 1041 619 1111 magum
711 1018 1127 1113 profectus,
1224 1022 1597 1090 tiansacto
1695 1017 1794 1089 ibi
1872 1017 2487 1114 quadragesimali

317 1116 609 1211 ieiunio,
655 1114 1023 1187 celebrato
1053 1115 1272 1187 etiam
1313 1127 1566 1188 sancto
1605 1117 1903 1213 pascha,
1948 1119 2215 1190 iterum
2244 1120 2487 1214 Aquas

315 1239 706 1311 regressus
776 1224 908 1286 est.
1030 1215 1120 1288 Et
1187 1215 1355 1311 quia
1408 1216 1923 1310 nunciabatur,
1997 1216 2483 1290 Godofridum

252 1394 273 1400 ,
314 1338 572 1409 regem
624 1315 998 1385 Danorum
1069 1314 1143 1385 in
1197 1314 1591 1388 Abodritos
1659 1340 1827 1387 cum
1897 1317 2216 1389 exercitu
2271 1317 2483 1389 traie-

314 1414 542 1509 cisse,
618 1415 927 1485 Karlum
978 1411 1210 1485 filium
1264 1438 1483 1487 suum
1538 1414 1627 1486 ad
1681 1415 1970 1487 Albiam
2026 1439 2191 1487 cum
2244 1417 2485 1488 valida

315 1513 770 1585 Francorum
803 1524 877 1585 et
909 1513 1288 1584 Saxonum
1323 1537 1548 1585 manu
1585 1514 1807 1609 misit,
1862 1514 2122 1588 iubens
2160 1538 2481 1587 vaesano

311 1613 472 1708 regi
525 1613 908 1707 resistere,
978 1612 1040 1684 si
1094 1612 1460 1686 Saxoniae
1529 1613 1885 1686 terminos
1939 1613 2244 1708 adgredi
2297 1625 2481 1688 tem-

314 1723 574 1809 ptaret.
699 1711 848 1784 Sed
900 1712 1025 1783 ille
1079 1713 1365 1785 stativis
1417 1736 1554 1810 per
1605 1713 1883 1810 aliquot
1933 1712 2089 1786 dies
2140 1713 2211 1784 in
2269 1713 2480 1787 litore

311 1810 620 1905 habitis,
698 1811 1135 1908 expugnatis
1190 1812 1413 1884 etiam
1482 1824 1557 1886 et
1622 1836 1846 1883 manu
1911 1812 2141 1908 captis
2211 1814 2486 1908 aliquot

313 1911 749 1984 Sclavorum
789 1911 1148 2004 castellis,
1202 1933 1371 1982 cum
1417 1934 1690 2005 magno
1746 1912 2126 2007 copiarum
2180 1935 2480 1984 suarum

312 2009 754 2082 detrimento
820 2033 1166 2085 reversus
1239 2022 1374 2082 est.
1500 2012 1684 2082 Nam
1767 2011 1934 2083 licet
2000 2012 2478 2108 Drasconem,

315 2108 580 2181 ducem
630 2109 1198 2200 Abodritorum,
1275 2110 1742 2205 popularium
1796 2109 1964 2181 fidei
2020 2110 2481 2183 diffidentem

313 2210 474 2281 loco
542 2209 983 2305 pepulisset,
1051 2207 1580 2301 Godelaibum,
1646 2207 1872 2280 alium
1925 2209 2230 2305 ducem,
2306 2210 2477 2282 dolo

311 2318 607 2405 captum
676 2307 1005 2404 patibulo
1077 2306 1625 2403 suspendisset,
1698 2308 2221 2380 Abodritorum
2292 2309 2478 2382 duas

310 2418 561 2519 partes
615 2407 751 2480 sibi
805 2406 1207 2502 vectigales
1260 2407 1597 2503 fecisset
1665 2408 1986 2521 optimos
2039 2419 2287 2480 tamen
2342 2409 2477 2481 mi-

311 2507 525 2580 litum
591 2530 894 2579 suoium
966 2518 1038 2578 et
1100 2531 1323 2578 manu
1392 2507 2018 2619 promptissimos
2041 2507 2326 2599 amisit,
2406 2520 2480 2581 et

314 2630 479 2679 cum
552 2605 659 2679 eis
728 2605 961 2677 filium
1026 2604 1271 2678 fratris
1341 2605 1491 2701 sui,
1588 2606 1884 2678 nomine
1960 2606 2476 2703 Reginoldum,

312 2706 432 2803 qui
487 2706 559 2777 in
614 2704 1159 2803 obpugnatione
1201 2705 1581 2779 cuiusdam
1634 2706 1881 2804 oppidi
1919 2730 2085 2777 curn
2140 2705 2478 2802 plurimis

309 2807 684 2879 Danorum
737 2804 1182 2903 primoribus
1234 2806 1659 2880 interfectus
1713 2817 1847 2879 est.
1949 2805 2173 2877 Filius
2228 2817 2478 2878 autem

311 2904 781 3002 imperatoris
842 2907 1111 2978 Karlus
1163 2906 1451 2978 Albiam
1523 2915 1746 3002 ponte
1799 2907 2071 2999 iunxit,
2144 2916 2219 2978 et
2271 2929 2475 2977 exer-

311 3005 535 3078 citum
588 3004 702 3076 cui
754 3016 1096 3101 praeerat
1147 3004 1220 3075 in
1272 3006 1590 3077 Linones
1643 3017 1721 3079 et
1770 3002 2314 3100 S1ne1dingos1,
2353 3005 2477 3098 qui

312 3114 385 3176 et
451 3103 592 3215 ipsi
662 3103 753 3174 ad
819 3103 1308 3177 Godofridum
1361 3128 1618 3215 regem
1677 3104 2140 3197 defecerant,
2210 3114 2477 3213 quanta

309 3203 548 3301 potuit
617 3202 990 3275 celeritate
1059 3203 1548 3299 transposuit,
1601 3202 2118 3314 populatisque
2170 3200 2476 3273 circum-

310 3327 594 3414 quaque
647 3326 903 3376 eorum
957 3302 1194 3397 agriS,
1249 3301 1555 3375 transito
1608 3303 1877 3375 iterum
1923 3299 2251 3414 flumine,
2307 3325 2475 3373 cum

310 3401 655 3476 incolomi
723 3406 1044 3476 exercitu
1108 3402 1182 3473 in
1252 3402 1649 3475 Saxoniam
1720 3426 1800 3475 se
1854 3402 2149 3498 recepit.
2251 3400 2477 3472 Erant

313 3524 484 3574 cum
534 3502 933 3575 Godofrido
984 3503 1057 3575 in
1112 3500 1574 3615 expeditione
1629 3501 2001 3615 praedicta
2055 3499 2297 3573 Sclavi
2353 3500 2475 3613 qui

312 3601 650 3673 dicuntur
714 3601 1001 3696 Wiltzi,
1078 3601 1199 3697 qui
1277 3614 1581 3699 propter
1652 3602 1988 3698 antiquas
2059 3598 2476 3671 inimicitias

312 3725 494 3796 quas
573 3725 740 3772 cum
810 3699 1174 3772 Abodritis
1260 3702 1534 3773 habere
1613 3701 1985 3795 solebant,
2063 3709 2324 3794 sponte
2394 3722 2474 3770 se

313 3799 540 3897 copiis
595 3800 753 3872 eius
808 3798 1377 3896 coniunxerunt,
1432 3801 1737 3914 ipsoque
1791 3801 1863 3871 in
1915 3820 2231 3890 regnum
2259 3820 2475 3868 suum

312 3911 769 4011 revertente,
843 3923 1007 3970 cum
1059 3899 1332 3996 praeda
1386 3925 1605 3996 quam
1658 3901 1731 3971 in
1785 3896 2155 3971 Abod1itis
2209 3920 2474 3994 capere

310 4052 442 4120 )=
479 4072 558 4107 ac.
684 4051 730 4122 1)
790 4052 933 4105 inter
981 4050 1189 4103 Wilzos
1244 4061 1300 4105 et
1344 4051 1637 4106 Abodritos
1689 4051 1828 4103 ultra
1880 4046 2094 4102 Albiam
2145 4048 2474 4112 habitabant,

312 4123 606 4195 Smeldingi
631 4122 824 4179 Albiae
862 4124 1175 4195 propiores;
1216 4124 1285 4176 cf.
1307 4124 1561 4179 Chronici
1603 4121 1982 4177 Gottwiccnsis
2018 4118 2210 4176 Prodr.
2249 4119 2316 4175 n.
2353 4123 2474 4179 660.
