3027 4904
2687 360 2700 365 ,
2755 302 2788 351 ι

414 444 420 452 .
553 378 648 451 22
1169 374 1619 448 ElNHARDI
1670 372 2104 447 ANNALES

587 610 591 617 -
701 559 871 633 781.
948 555 1128 630 Inde
1180 557 1508 632 Romam.
1557 555 1904 650 veniens,
1947 553 2379 643 'honorifice
2433 553 2544 627 ab>
2576 555 2722 629 Ha-

551 656 811 730 driano
882 681 1078 755 papa
1130 668 1522 755 susceptus
1588 667 1721 730 est.
1837 655 1929 727 Et
1991 679 2163 728 cum
2213 655 2329 726 -ibi
2383 656 2723 728 sanctum

554 757 855 856 pascha·
885 756 1335 853 celebraret⁷
1406 755 1802 854 baptizavit
1857 755 2057 833 idem
2109 756 2439 853 pontifex
2489 754 2726 828 filium

553 857 712 930 eius
785 857 1217 956 pippinum,
1301 857 1655 953 unxitque
1715 879 1894 928 eum
1964 855 2037 928 in
2104 879 2387 951 regem.
2507 855 2728 929 Unxit

552 957 780 1030 etiam
831 970 909 1031 et
952 957 1464 1030 Hludewicum
1516 957 1824 1030 fratrem
1877 955 2110 1050 eius,
2152 954 2416 1060 (pibus
2479 966 2725 1028 et2co⁴

552 1080 814 1130 ronam
867 1058 1213 1155 inposuit.
1342 1057 1675 1144 Quorum
1727 1054 2004 1151 maior,
2055 1053 2131 1126 id
2184 1068 2299 1128 est
2350 1053 2726 1152 Pippinus5

552 1158 628 1230 in
693 1157 1252 1253 Langobardia,
1331 1156 1575 1229 minor
1626 1179 1846 1254 vero,
1923 1156 1995 1229 id
2070 1165 2184 1228 est
2233 1154 2725 1255 HludewicuS,

552 1257 626 1330 in
670 1257 1071 1354 >Aquitania
1116 1282 1250 1331 >rex
1295 1256 1737 1349 constitutus
1787 1256 1925 1329 est.
2028 1255 2232 1350 Rege
2277 1279 2458 1327 vero
2491 1256 2728 1328 Roma

552 1356 886 1451 digresso
955 1382 1041 1430 ac
1109 1356 1611 1430 Mediolanum
1680 1357 2068 1450 veniente,
2139 1356 2463 1428 Thomas
2533 1356 2725 1428 eius·

551 1456 726 1528 dem
779 1455 981 1529 urbis
1035 1455 1631 1555 archiepiscopus
1669 1453 2070 1553 baptizavit
2122 1453 2219 1525 ibi
2271 1454 2503 1527 filiam
2542 1455 2726 1552 eius,

552 1554 852 1628 nomine
905 1555 1226 1654 Gislam,
1309 1567 1382 1629 et
1436 1556 1529 1628 de
1582 1580 1792 1629 sacro
1846 1556 2052 1628 fonte
2105 1555 2448 1651 suscepit.
2555 1555 2728 1642 Qui-

550 1653 689 1728 bus
752 1655 1028 1753 gestiS,
1100 1657 1171 1729 in
1241 1655 1625 1728 Franciam
1692 1679 2037 1728 reversus
2092 1663 2226 1725 est.
2350 1651 2499 1728 Sed
2560 1677 2730 1725 cum

551 1753 833 1827 Romae
899 1765 1141 1851 esset7
1214 1756 1559 1829 convenit
1608 1755 1802 1828 inter
1851 1756 2092 1853 ipsum
2147 1764 2368 1850 atque
2419 1752 2728 1826 Hadria-

552 1877 728 1926 num
798 1853 1270 1952 pontificem,
1348 1868 1430 1930 ut
1506 1853 1730 1929 simul
1811 1855 2099 1951 legatos
2175 1855 2559 1927 mitterent
2634 1854 2727 1927 ad

552 1952 1017 2028 Tassilonem
1080 1955 1460 2028 Baioariae
1517 1956 1823 2050 ducem,
1893 1955 2014 2054 qui
2081 1977 2251 2029 eum
2307 1976 2729 2026 commone-

551 2065 721 2126 rent
788 2053 880 2126 de
965 2067 1471 2153 sacramentO,
1552 2055 1747 2153 quod
1813 2052 2120 2154 Pippino
2185 2053 2344 2148 regi
2418 2064 2491 2126 et
2557 2051 2730 2127 filiis

553 2153 713 2227 eius
786 2177 871 2226 ac
922 2154 1222 2229 Francis
1254 2155 1684 2251 iuraverat,
1764 2152 2045 2229 scilicet
2096 2163 2176 2226 ut
2226 2151 2601 2226 subiectus
2656 2164 2732 2228 et

552 2250 955 2326 oboediens
1011 2256 1341 2339 eisesse
1396 2255 1726 2328 deberet.
1830 2254 2059 2327 Electi
2114 2275 2198 2325 ac
2251 2253 2506 2325 directi
2558 2264 2733 2326 sunt

550 2352 626 2425 in
682 2352 873 2428 hanc
925 2353 1371 2450 legationem
1418 2355 1536 2431 fde
1599 2364 1809 2454 parte
1863 2352 2226 2454 pontificis
2279 2352 2730 2427 Formonsus

552 2477 637 2526 ac
704 2452 1071 2530 Damasus
1141 2456 1506 2555 episcopi,
1562 2468 1633 2529 et
1683 2456 1778 2528 de
1832 2468 2041 2554 parte
2093 2454 2295 2549 regis
2350 2454 2731 2528 Richolfus

554 2552 906 2627 diaconus
975 2566 1196 2652 atque
1249 2555 1723 2631 Eberhardus
1779 2556 2139 2652 magister
2191 2554 2730 2653 pincernarum.

553 2652 695 2740 Qui
746 2677 958 2750 cum,
1013 2667 1097 2728 ut
1146 2654 1327 2727 iussi
1380 2666 1628 2753 erant,
1697 2680 1865 2728 cum
1918 2665 2331 2728 memorato
2387 2652 2571 2726 duce
2626 2655 2733 2727 lo-

552 2752 762 2847 quuti
816 2766 1087 2849 essent,
1142 2752 1217 2825 in
1260 2766 1550 2828 tantum
1605 2778 1732 2827 cor
1783 2753 1940 2827 eius
1996 2754 2409 2826 emollitum
2463 2765 2601 2850 est,
2657 2764 2736 2828 ut

552 2849 875 2947 diceret,
945 2875 1027 2925 se
1084 2851 1339 2925 statim
1410 2854 1606 2925 velle
1667 2853 1761 2924 ad
1814 2852 2013 2949 regis
2068 2874 2466 2952 properare
2518 2876 2734 2951 prae·

552 2949 904 3047 sentiam,
973 2951 1036 3023 si
1101 2950 1240 3025 sibi
1294 2953 1480 3026 tales
1549 2951 1843 3026 obsides
1898 2953 2201 3048 dentur,
2277 2950 2412 3023 sub
2469 2950 2735 3049 quibus

559 3048 651 3121 de
704 3074 836 3122 sua
890 3051 1127 3123 salute
1183 3052 1521 3125 dubitare
1557 3053 1763 3125 nulla
1815 3052 1911 3126 sit
1943 3052 2368 3125 necessitas.
2449 3050 2733 3140 Quibus

555 3148 773 3247 datis,
828 3146 989 3223 sine
1042 3152 1515 3225 cunctacione
1568 3152 1762 3250 apud
1798 3152 2296 3227 Wormaciam
2353 3150 2443 3225 ad
2474 3174 2733 3247 regem

553 3249 791 3340 venit,
864 3263 1413 3325 sacramentum
1483 3251 1678 3349 quod
1732 3251 2122 3326 iubebatur
2175 3250 2482 3347 iuravit,
2538 3249 2733 3323 obsi-

555 3346 690 3420 des
762 3346 1152 3421 duodecim
1230 3350 1351 3448 qui
1406 3351 1963 3449 imperabantur
2031 3352 2190 3424 sine
2242 3375 2451 3423 mora
2506 3349 2733 3448 dedit,

556 3459 740 3542 quos
778 3443 1244 3546 sindbertus,
1299 3448 1737 3545 Reginensis
1793 3452 2183 3549 episcopus
2238 3451 2330 3523 de
2370 3450 2733 3548 Baioaria,

554 3545 629 3618 in
654 3545 1025 3621 Carisiaco
1060 3548 1153 3624 ad
1208 3562 1685 3648 conspectum
1740 3551 1940 3646 regis
1974 3551 2300 3624 adduxit.
2353 3549 2501 3624 Sed
2539 3551 2735 3622 idem

557 3646 705 3719 dux
773 3645 1079 3719 domum
1151 3673 1537 3746 reversus,
1617 3675 1766 3723 non
1833 3651 1955 3724 diu
2023 3653 2095 3724 in
2151 3674 2239 3723 ea
2294 3675 2510 3747 quam
2564 3672 2733 3747 pro-

555 3746 866 3820 miserat
916 3745 1063 3819 fide
1117 3749 1543 3844 permansit.
1623 3751 1776 3826 Rex
1831 3763 2079 3825 autem
2130 3751 2202 3824 in
2258 3750 2518 3822 eadem
2558 3749 2731 3820 villa

554 3844 884 3917 hiemem
948 3847 1353 3941 transiens,
1435 3860 1509 3921 et
1578 3852 1901 3926 natalem
1970 3850 2265 3923 Domini
2337 3862 2409 3924 et
2459 3847 2734 3948 pascha

557 3943 826 4017 eodem
879 3946 952 4020 in
1005 3947 1168 4020 loco
1222 3946 1644 4023 celebravit.
2640 4005 2644 4012 -
2709 4009 2712 4012 -

708 4041 877 4119 782.
954 4045 1277 4121 Aestatis
1348 4046 1599 4147 initio,
1674 4073 1843 4122 cum
1915 4049 2062 4121 iarn
2129 4056 2431 4146 propter
2481 4044 2735 4142 pabuli

557 4140 842 4241 copiam
883 4145 1247 4221 exercitus
1285 4146 1452 4221 duci
1488 4161 1803 4248 poterat⁷
1843 4149 1916 4221 in
1955 4147 2351 4222 Saxoniam
2383 4145 2735 4241 eundum,
