3027 4904
568 337 667 410 74
1183 333 1636 408 EINHARDI
1689 334 2120 409 ANNALES

564 517 758 590 inter
806 539 992 613 quos
1038 526 1155 589 et
1159 517 1391 614 aliqui
1443 514 1812 615 episcopi,
1888 515 2339 588 Anshelmus
2390 516 2745 590 Mediola-

566 615 959 712 nensiS,e
918 625 993 688 et
1042 614 1462 689 Wolfoldus
1518 615 2075 712 Cremonensis,
2152 626 2227 687 et
2280 614 2742 690 Theodulfus

564 713 1132 788 Aurelianensis.

715 815 883 889 818.
962 814 1267 886 Detecta
1346 814 1608 886 fraude
1662 822 1737 884 et
1787 810 2290 885 coniuratione
2342 815 2740 910 patefacta,

564 936 652 985 ac
701 912 1078 987 sediciosis
1132 911 1471 986 omnibus
1523 914 1596 984 in
1631 919 2078 1009 potestatem
2131 935 2343 984 suam
2395 913 2740 1008 redactiS,

564 1011 971 1110 imperator
1019 1013 1480 1125 Aquasgrani
1532 1010 1951 1105 revertitur,
2006 1021 2523 1107 transactoque
2564 1037 2739 1108 qua-

564 1111 1038 1207 dragesimali
1110 1110 1417 1224 ieiunio,
1493 1111 1747 1208 paucis
1824 1121 1994 1207 post
2064 1119 2402 1182 sanctum
2464 1113 2741 1223 pasch-a

563 1210 822 1285 diebus
894 1209 1416 1284 coniurationis
1483 1220 1859 1304 auctores,
1933 1208 2055 1306 qui
2108 1208 2449 1306 superius
2503 1210 2737 1283 nomi-

564 1309 718 1383 nati
770 1321 977 1404 sunt,
1033 1308 1254 1383 simul
1307 1322 1381 1382 et
1428 1333 1685 1405 regem
1738 1308 2004 1380 iudicio
2041 1308 2489 1381 Francorum
2541 1309 2737 1422 capi-

563 1410 694 1482 tali
748 1409 1114 1482 sententia
1166 1409 1731 1504 condemnatoS,
1797 1406 2199 1480 luminibus
2250 1419 2539 1481 tantum
2590 1409 2738 1481 ius-

565 1506 662 1580 sit
729 1507 1013 1621 orbari,
1113 1506 1502 1621 episcopos
1587 1507 1923 1603 synodali
1993 1507 2290 1579 decreto
2359 1506 2738 1620 depositos

563 1607 1031 1680 monasteriis
1082 1608 1532 1720 mancipari,
1583 1619 1955 1700 caeteros,
2009 1618 2226 1704 prout
2276 1606 2584 1704 quisque
2618 1608 2739 1678 vel

562 1707 949 1779 nocentior
989 1707 1112 1777 vel
1162 1707 1623 1780 innocentior
1674 1704 2107 1819 apparebat
2164 1707 2284 1777 vel
2338 1706 2557 1779 exilio
2609 1706 2738 1776 de-

563 1805 880 1917 por-tari,
958 1806 1079 1876 vel
1130 1804 1430 1878 detondi
1493 1815 1713 1903 atque
1784 1806 1857 1877 in
1911 1804 2381 1878 monasteriis
2434 1828 2737 1877 conver-

564 1904 734 1977 sari.
837 1905 1076 2000 Atque
1144 1905 1256 1977 his
1307 1905 1410 1978 ita
1462 1903 1875 2002 dispositis,
1945 1905 2107 2002 ipse
2176 1928 2347 1976 cum
2413 1902 2732 1975 maximo

565 2003 890 2076 exercitu
964 2001 1447 2078 Brittanniam
1527 2004 1962 2100 adgressus,
2059 2004 2489 2098 generalem
2563 2025 2735 2074 con-

562 2115 870 2176 ventum
941 2100 1304 2176 Venedis1
1368 2103 1642 2176 habuit.
1780 2103 1958 2175 Inde
2027 2114 2517 2175 memoratam
2568 2125 2736 2198 pro-

561 2203 876 2274 vinciam
944 2202 1364 2297 ingressuS,
1437 2202 1669 2298 captis
1735 2201 2125 2274 rebellium
2186 2200 2736 2296 munitionibus,

562 2300 770 2373 brevi
797 2312 1032 2374 totam
1085 2301 1157 2372 in
1211 2324 1426 2374 suam
1454 2310 1907 2399 potestatem
1958 2326 2105 2373 non
2153 2325 2428 2414 magno
2482 2300 2735 2372 labore

563 2400 873 2496 redegit.
952 2401 1141 2472 Nam
1172 2412 1567 2513 postquam
1601 2402 2053 2497 MormanuS,
2108 2401 2227 2514 qui
2278 2400 2355 2473 in
2406 2422 2493 2473 ea
2527 2423 2736 2512 prae-

562 2512 680 2574 ter
748 2499 1067 2573 solitum
1114 2499 1567 2575 Brittonibus
1637 2524 1925 2573 morem
1978 2501 2260 2596 regiam
2315 2499 2454 2573 sibi
2505 2498 2736 2572 vindi-

563 2612 861 2673 caverat
885 2610 1357 2697 potestatem,
1412 2600 1502 2670 ab
1559 2602 1882 2673 exercitu
1932 2600 2399 2712 imperatoris
2453 2600 2738 2673 occisus

564 2712 722 2794 est,
776 2700 1022 2772 nullus
1073 2698 1301 2773 Britto
1353 2699 1899 2795 inveniebatur,
1955 2700 2078 2796 qui
2129 2700 2547 2793 resisteret,
2613 2708 2741 2770 aut

565 2798 687 2894 qui
739 2796 1101 2895 imperata
1155 2799 1441 2891 facere,
1508 2808 1637 2869 aut
1687 2799 1810 2894 qui
1863 2797 2160 2871 obsides
2211 2799 2335 2895 qui
2387 2796 2736 2869 iubeban-

563 2907 682 2970 tur
721 2896 899 2968 dare
934 2908 1350 2970 rennueret.
1433 2898 1593 2984 Qua
1630 2896 2096 3009 expeditione
2130 2898 2520 3010 completa,
2568 2920 2736 2968 cum

564 2996 1010 3094 imperator,
1068 2994 1373 3069 dimisso
1429 2995 1800 3091 exercitu,
1876 2996 2310 3070 Andecavos
2363 2996 2735 3070 civitatem

563 3108 764 3170 esset
832 3119 1213 3192 reversus,
1294 3093 1777 3192 lrmingardis
1850 3096 2139 3191 regina,
2220 3093 2485 3168 coniux
2554 3094 2737 3185 eiuS,

563 3219 786 3293 quam
837 3195 1311 3293 proficiscens
1364 3195 1463 3267 ibi
1517 3208 2031 3291 aegrotantem
2085 3196 2504 3286 dimiserat,
2559 3194 2739 3264 duo-

563 3296 700 3366 bus
762 3294 1024 3367 diebus
1089 3310 1482 3392 postquam
1550 3295 1711 3392 ipse
1778 3295 1869 3366 ad
1937 3318 2102 3366 eam
2168 3293 2409 3384 venit,
2477 3290 2737 3363 morbo

564 3393 1062 3465 invalescente
1141 3394 1206 3463 5.
1278 3395 1527 3465 Nonas
1604 3393 1855 3466 Octob.
1937 3389 2274 3462 decessit.
2405 3389 2738 3488 Eclypsis

565 3491 744 3565 solis
814 3491 1121 3585 contigit
1186 3489 1252 3563 8.
1305 3489 1479 3561 Idus
1546 3489 1732 3563 Iulii.
1849 3489 2263 3586 Imperator
2329 3512 2463 3587 per
2517 3491 2737 3564 Ratu-

561 3613 867 3686 magum
910 3602 987 3664 et
1024 3613 1158 3687 per
1200 3588 1603 3662 Ambianos
1656 3599 1732 3661 et
1767 3588 2249 3662 Camaracum
2277 3589 2735 3684 Aquasgrani

564 3690 659 3763 ad
727 3689 1267 3762 hibernandum
1336 3712 1724 3785 reversuS,
1802 3713 1969 3762 cum
2039 3688 2545 3761 Heristallium
2609 3713 2735 3761 ve-

563 3790 831 3887 nisset,
885 3789 1143 3863 obvios
1195 3788 1455 3862 habuit
1506 3791 1797 3884 legatos
1850 3787 2190 3885 Sigonis,
2247 3788 2451 3863 ducis
2504 3787 2733 3861 Bene-

564 3900 1088 3986 ventanorum,
1180 3890 1373 3961 dona
1449 3889 1911 3982 deferenteS,
1989 3912 2309 3985 eumque
2387 3888 2477 3961 de
2556 3911 2734 3960 nece

564 3988 927 4065 Grimoldi
979 3989 1183 4065 ducis
1236 3989 1725 4065 antecessoris
1792 3989 1906 4061 sui
1957 4001 2409 4064 excusantes».
2512 3987 2738 4062 Erant

572 4109 618 4183 1)
658 4107 894 4165 VanneS.
