3027 4904
576 362 675 437 64
912 404 917 409 -
1072 412 1077 416 -
1195 358 1648 432 EINHARDI
1701 359 2131 435 ANNALES

570 563 832 640 pacem
883 541 1281 615 aNiciforo
1313 541 1684 637 inceptam
1712 540 2191 615 confirmavit.
2270 542 2459 615 Nam
2486 543 2747 639 Aquis-

573 640 826 736 grani.‚
866 684 873 691 „
919 639 1043 712 ubi
1134 639 1229 711 ad
1306 639 1834 736 imperatorem
1908 652 2307 737 venerunt,
2388 642 2747 740 scriptum

570 741 764 838 pacti
818 738 910 811 ab
964 763 1054 811 eo
1107 738 1181 810 in
1234 739 1547 812 ecclesia
1601 739 2124 836 suscipientes,
2177 764 2387 814 more
2442 766 2619 837 suo,
2670 743 2746 816 id

571 850 687 912 est
739 840 1019 913 Graeca
1066 837 1355 934 lingua,
1425 838 1684 910 laudes
1754 841 1819 910 ei
1878 838 2255 937 dixerunt,
2335 841 2743 939 Imperato-

570 962 734 1010 rem
803 962 977 1012 eum
1042 948 1115 1010 et
1176 937 1550 1011 Basileum
1585 938 2100 1035 appellantes,
2171 949 2248 1012 et
2299 943 2741 1015 revertendo

568 1037 882 1110 Romam
932 1037 1357 1131 venientes,
1411 1037 1484 1108 in
1543 1037 1841 1110 basilica
1893 1037 2126 1111 sancti
2177 1038 2375 1111 Petri
2427 1043 2744 1138 apostoli

570 1137 894 1211 eundem
944 1138 1138 1235 pacti
1205 1160 1337 1210 seu
1391 1136 1717 1210 foederis
1770 1136 2107 1209 libellum
2160 1161 2200 1208 a
2254 1137 2498 1212 Leone
2547 1164 2743 1238 papa

569 1237 813 1310 denuo
893 1247 1395 1332 susceperunt.
1524 1235 1805 1324 Quibus
1886 1235 2250 1334 dimissiS‚
2337 1238 2739 1337 imperator

565 1337 895 1432 generali
966 1347 1329 1408 conventu
1380 1335 1611 1430 Aquis
1665 1335 2098 1409 solemniter
2147 1336 2441 1434 habito,
2513 1337 2735 1411 Bern-

567 1436 885 1508 hardum
938 1434 1172 1507 filium
1223 1432 1543 1531 Pippini,
1615 1429 1962 1532 nepotem
2018 1460 2269 1532 suum,
2323 1437 2396 1508 in
2452 1436 2739 1515 Italiam

565 1535 802 1629 misit3
852 1546 929 1608 et
978 1545 1280 1632 propter
1332 1535 1610 1605 famam
1663 1533 1945 1629 elassiS‚
1999 1559 2184 1631 quae
2230 1547 2305 1608 et
2357 1537 2448 1608 de
2490 1537 2739 1610 Africa

565 1647 643 1708 et
696 1636 788 1707 de
823 1633 1175 1732 Hispania
1228 1633 1319 1706 ad
1374 1633 1804 1706 vastandam
1846 1634 2132 1706 Italiam
2186 1647 2491 1709 ventura
2545 1637 2736 1710 dice·

565 1733 806 1827 batur,
858 1733 1248 1806 Walanem
1298 1731 1533 1804 filium
1571 1730 1978 1806 Bernhardi
2031 1734 2387 1831 patruelis
2419 1735 2532 1809 sui
2565 1760 2735 1808 cum

562 1833 693 1905 illo
746 1856 913 1906 esse
964 1833 1216 1928 iussit,
1271 1832 1747 1930 quoadusque
1799 1856 2051 1905 rerum
2103 1844 2411 1908 eventus
2464 1836 2733 1908 securi-

561 1943 791 2005 tatem
845 1933 1116 2006 nostris
1156 1931 1498 2005 adferret.
1573 1932 1774 2003 Haec
1815 1933 2083 2029 ¹elassis
2126 1933 2391 2031 partim
2445 1934 2518 2005 in
2556 1936 2731 2008 Cor-

560 2032 832 2127 sicam,
905 2031 1174 2129 partim
1240 2031 1317 2103 in
1369 2030 1788 2105 Sardiniam
1839 2033 2083 2127 venit3
2146 2044 2222 2106 et
2290 2056 2378 2106 ea
2430 2032 2727 2130 quidem

560 2156 735 2229 pars
789 2154 973 2228 quae
1026 2131 1120 2204 ad
1173 2130 1587 2204 Sardiniam
1644 2143 1758 2205 est
1811 2132 2095 2226 delata,
2158 2156 2346 2231 pene
2397 2143 2554 2205 tota
2608 2133 2731 2205 de·

560 2233 711 2304 leta
762 2241 897 2304 est.
1001 2229 1277 2305 Classis
1333 2230 1556 2314 etiam
1610 2231 2259 2303 Nordmannorum
2304 2230 2730 2305 Hiberniam

556 2330 982 2404 Scottorum
1059 2330 1375 2403 insulam
1451 2331 1845 2423 adgressa,
1936 2332 2480 2429 commissoque
2560 2356 2728 2403 cum

559 2429 833 2506 Scottis
885 2430 1210 2530 proeli0‚
1278 2439 1489 2529 parte
1543 2455 1691 2503 non
1743 2428 2032 2502 modica
2085 2431 2727 2508 Nordmannorum

557 2531 984 2627 interfecta,
1063 2529 1376 2627 turpiter
1440 2529 1791 2625 fugiendo
1859 2530 2163 2603 domum
2230 2556 2528 2605 reversa
2594 2544 2725 2606 est.

558 2631 706 2703 Pax
777 2654 945 2702 cum
994 2630 1273 2703 Abulaz
1346 2652 1525 2724 rege
1602 2630 2178 2703 Sarracenorum
2249 2634 2479 2728 facta,
2548 2630 2727 2705 item

554 2753 725 2801 cum
794 2730 979 2801 duce
1036 2729 1727 2802 Beneventanorum
1799 2730 2270 2824 Grimoaldo.,
2336 2743 2407 2804 et
2472 2729 2720 2804 tributi

556 2827 852 2900 nomine
932 2827 1191 2926 viginti
1269 2828 1591 2925 quinque
1681 2827 1881 2899 milia
1959 2830 2365 2903 solidorum
2444 2830 2602 2901 auri
2680 2855 2723 2902 a

550 2926 1090 3000 Beneventanis
1145 2927 1408 2999 soluta.
1527 2926 1913 3024 Expeditio
1985 2930 2177 3003 facta
2239 2930 2330 3001 ad
2386 2928 2721 3025 wiltzos»,

552 3036 632 3099 et
681 3026 770 3098 ab
840 3025 947 3099 eis
1001 3025 1298 3099 obsides
1352 3026 1653 3124 accepti.
1780 3026 2178 3101 Harioldus
2232 3041 2306 3102 et
2356 3028 2721 3125 Reginfri·

552 3126 729 3222 dus⁷
782 3149 1000 3221 reges
1051 3127 1468 3222 Danorum.,
1523 3125 1749 3198 missa
1802 3126 1894 3197 ad
1945 3126 2464 3225 imperatorem
2520 3129 2720 3222 lega-

552 3226 791 3321 tione,
862 3249 1120 3393 pacem
1186 3237 1486 3324 petunt.)
1556 3238 1632 3299 et
1697 3229 2004 3298 fratrem
2071 3251 2286 3300 suum
2338 3226 2717 3297 Hemmin-

546 3347 730 3420 gum
794 3323 857 3397 si
912 3324 1271 3400 iremitti
1336 3336 1619 3420 rogant.
1748 3327 1908 3397 Hoc
1969 3350 2160 3399 anno
2225 3321 2475 3396 Idibus
2544 3325 2714 3398 Maii

547 3432 722 3521 post
772 3421 1160 3494 meridiem
1213 3424 1391 3497 solis
1446 3422 1764 3520 eclypsis
1815 3422 1975 3496 fuit.

700 3520 869 3595 813.
948 3522 1358 3619 Imperator
1424 3521 1865 3619 Aquisgrani
1935 3519 2322 3614 hiemavit,
2402 3531 2474 3593 et
2537 3520 2712 3593 inci·
2786 3600 2792 3604 ,

546 3622 796 3720 piente
872 3621 1079 3693 verni
1155 3622 1516 3718 temperie
1595 3619 2100 3693 Amalharium
2177 3621 2713 3693 Treverensem

548 3720 979 3819 episcopum
1048 3732 1123 3794 et
1172 3720 1470 3794 Petrum
1540 3719 1886 3793 abbatem
1937 3718 2364 3794 monasterii
2420 3720 2709 3792 Nonan-

546 3821 742 3894 tulas
795 3831 1098 3920 propter
1135 3844 1395 3918 pacem
1448 3844 1616 3892 cum
1645 3818 2003 3892 Michaele
2057 3820 2504 3918 imperatore
2541 3843 2711 3910 con7

545 3917 989 3993 firmandam
1025 3918 1739 4017 Constantinopolim
1791 3918 2013 3992 misit.
2088 3921 2282 3992 Pons
2335 3917 2526 4016 apud
2555 3919 2708 3990 Mo-

543 4016 969 4114 gontiacum
1019 4044 1276 4094 mense
1328 4018 1523 4094 Maio
1574 4017 1912 4091 incendio
1968 4017 2489 4115 conflagravit,
2541 4030 2712 4114 post

544 4118 741 4215 quod
778 4117 1181 4217 imperator
1208 4145 1376 4194 cum
1421 4121 1495 4192 in
1536 4118 1933 4191 Arduenna
1965 4130 2383 4212 venaretur,
2437 4117 2710 4213 pedum
