3027 4904
1149 367 1227 438 A.
1280 365 1450 441 824.
1502 364 1670 441 825.
1871 442 1874 443 f
2397 366 2490 438 91

327 549 743 645 profectus,
810 547 900 620 ab
954 546 1281 643 Eugenio
1334 545 1682 644 pontifice
1732 542 2135 617 honorifice
2190 545 2494 646 suscipi-

326 658 461 719 tur.
565 648 698 721 Cui
751 671 916 719 cum
968 647 1289 720 iniuncta
1327 645 1463 718 sibi
1516 647 1994 741 patefaceret,
2047 654 2319 718 statum
2365 671 2494 745 po-

326 746 479 844 puli
532 747 839 819 Romani
891 746 1323 818 iamdudum
1366 744 1825 856 quorundam
1867 746 2294 842 praesulum
2334 770 2493 843 per-

326 844 676 919 versitate
729 847 1236 958 depravatum,
1291 843 1682 916 memorati
1732 841 2098 940 pontificis
2152 843 2495 919 benivola

325 944 763 1018 adsensione
832 946 930 1018 ita
985 943 1332 1039 correxit,
1403 953 1485 1015 ut
1537 967 1796 1016 omnes
1850 943 1971 1040 qui
2025 966 2274 1016 rerum
2329 970 2494 1019 sua-

322 1067 487 1116 lum
540 1043 952 1142 direptione
1005 1043 1332 1138 graviter
1382 1045 1677 1115 fuerant
1729 1041 2078 1138 desolati,
2149 1044 2241 1116 de
2294 1069 2493 1117 rece·

320 1144 575 1240 ptione
625 1142 988 1216 bonorum
1041 1167 1370 1238 suorum,
1424 1166 1613 1239 quae
1665 1166 1799 1238 per
1851 1141 2046 1214 illius
2094 1142 2494 1216 adventum

321 1241 477 1314 Deo
534 1242 852 1315 donante
902 1253 1377 1354 provenerat,
1448 1240 1840 1335 magnifice
1911 1240 2058 1312 sint
2110 1244 2490 1317 consolati.

319 1340 480 1413 Hoc
531 1365 759 1438 ann0,
798 1342 1069 1440 paucis
1121 1355 1291 1416 ante
1346 1339 1744 1414 solstitium
1798 1339 2151 1413 aestivale
2203 1341 2490 1437 diebuS,

243 1436 249 1453 ’
323 1439 401 1511 in
447 1441 816 1514 territorio
859 1442 1551 1553 Augustodunense·
1595 1448 1767 1513 ae're
1835 1440 1907 1512 in
1972 1448 2491 1537 tempestatem

321 1538 562 1612 subita
614 1540 1020 1613 mutatione
1072 1564 1469 1635 convers0,
1534 1539 1795 1633 ingens
1849 1542 2349 1632 fragmentum
2401 1564 2492 1613 ex

318 1638 555 1749 glacie
608 1640 828 1712 simul
880 1664 1047 1712 cum
1099 1639 1458 1735 grandine
1513 1637 1876 1711 decidisse
1927 1650 2315 1734 narratur
2370 1664 2491 1712 cu-

318 1736 433 1810 ius
471 1739 850 1833 longitudo
886 1739 1322 1837 quindecim,
1374 1739 1688 1812 latitudo
1726 1751 2037 1836 septem,
2078 1739 2489 1812 crassitudo

319 1836 503 1909 duos
556 1839 786 1933 pedes
838 1837 1184 1911 habuisse
1237 1837 1520 1913 dicitur.

467 1935 637 2009 825.
731 1937 958 2011 Sacro
1044 1937 1373 2036 paschali
1450 1939 1644 2009 festo
1726 1936 2162 2011 solemniter
2228 1937 2488 2034 Aquis-

315 2035 528 2146 grani
598 2036 1008 2132 celebrato,
1087 2037 1456 2109 arridente
1525 2036 1747 2108 etiam
1810 2060 2040 2110 verna
2104 2037 2489 2134 temperie,

315 2132 719 2231 impelator
786 2135 1101 2208 venandi
1172 2136 1407 2230 gratia
1476 2135 2020 2232 Noviomagum
2090 2138 2487 2231 piofectus,

314 2232 603 2328 legatos
671 2233 1163 2330 Bulgarorum
1230 2234 1422 2307 circa
1485 2234 1818 2307 medium
1882 2233 2159 2307 Maium
2211 2237 2489 2331 Aquas·
2536 2275 2554 2291 .

315 2333 525 2427 grani
578 2335 832 2407 venire
883 2334 1274 2432 praecepit.
1394 2334 1581 2407 Nam
1655 2334 1763 2406 sic
1829 2334 1957 2408 illo
2011 2334 2283 2407 reverti
2338 2344 2486 2406 sta-

315 2432 489 2527 tuit,
558 2433 943 2507 habiturus
996 2433 1093 2507 ibi
1149 2445 1636 2528 conventum,
1692 2458 1912 2531 quem
1982 2432 2071 2505 de
2133 2433 2490 2507 Brittania

315 2555 746 2630 regressus,
825 2557 912 2606 eo
1002 2557 1083 2605 se
1166 2544 1503 2630 tempore
1572 2531 1846 2605 ibidem
1922 2531 2197 2605 habere
2265 2534 2486 2630 velle,

314 2618 785 2727 optimatibus
838 2632 1308 2706 indicaverat.
1414 2633 1577 2719 Quo
1632 2656 1839 2729 cum,
1913 2642 2213 2730 peracta
2264 2657 2485 2705 vena-

315 2731 538 2828 tione,
593 2732 857 2806 fuisset
908 2753 1287 2826 reversus,
1339 2730 1802 2825 Bulgaricam
1856 2733 2308 2827 legationem
2360 2754 2485 2802 au-

314 2831 532 2924 divit3
600 2843 762 2904 erat
827 2831 1025 2904 enim
1081 2832 1171 2903 de
1224 2830 1559 2903 terminis
1611 2854 1697 2903 ac
1757 2830 2028 2904 finibus
2081 2831 2267 2904 inter
2316 2830 2487 2902 Bul-

311 2954 534 3023 garos
589 2956 676 3003 ac
723 2932 1043 3003 Francos
1095 2929 1643 3005 constituendis,
1758 2929 2175 3004 Adfuerunt
2236 2930 2309 3001 in
2363 2954 2486 3002 eo-

312 3030 486 3100 dem
555 3041 915 3104 conventu
983 3054 1218 3126 paene
1288 3053 1549 3102 omnes
1618 3029 2017 3103 Brittaniae
2093 3029 2484 3126 primoreS,

311 3128 505 3200 inter
558 3141 743 3225 quos
797 3141 870 3201 et
919 3129 1458 3224 WihomarcuS,
1524 3128 1646 3224 qui
1699 3128 2009 3224 perfidia
2064 3152 2197 3200 sua
2251 3138 2325 3200 et
2375 3140 2483 3200 to·
2579 3185 2582 3188 ,

311 3240 466 3301 tam
516 3226 949 3301 Brittaniam
1004 3227 1592 3320 conturbaverat,
1649 3238 1724 3300 et
1762 3226 2252 3300 obstinatione
2302 3228 2483 3298 stul-

310 3327 594 3400 tissima
648 3329 741 3400 ad
796 3326 1280 3401 memoratam
1319 3325 1863 3424 expeditionem
1894 3326 2020 3397 illo
2070 3325 2484 3401 faciendam

312 3426 780 3523 imperatoris
833 3427 1159 3499 animum
1212 3437 1783 3523 provocaverat,
1836 3427 2138 3499 tandem
2190 3426 2486 3499 saniore

309 3548 487 3599 usus
540 3528 882 3624 consilio,
937 3529 1029 3601 ad
1083 3526 1306 3600 fidem
1359 3526 1868 3624 imperatoriS,
1948 3538 2034 3599 ut
2078 3526 2239 3622 ipse
2292 3525 2484 3597 dice-

312 3624 476 3719 bat,
546 3624 801 3697 venire
851 3650 999 3698 non
1054 3626 1429 3698 dubitavit.
1553 3626 1685 3699 Cui
1737 3649 1904 3697 cum
1955 3625 2358 3724 imperator
2408 3635 2487 3697 et

308 3724 753 3836 ignosceret,
811 3734 887 3796 et
923 3724 1352 3796 muneribus
1389 3724 1737 3795 donatum
1778 3749 1921 3797 nna
1964 3749 2135 3797 cum
2170 3722 2482 3796 caeteris

310 3823 554 3919 gentis
594 3848 771 3896 suae
808 3823 1252 3921 primoribus
1290 3823 1589 3895 domum
1625 3846 1962 3896 remeare
1997 3822 2482 3921 permitteret,

309 3922 753 4021 promissam
807 3923 1073 4020 fidem,
1143 3933 1224 3995 ut
1274 3922 1475 4021 prius
1531 3933 2055 4018 consueverat,
2124 3922 2483 4017 gentilitia

280 4021 618 4117 ‘perfidia
691 4024 1212 4116 commutavit,
1285 4046 1370 4095 ac
1420 4022 1701 4094 vicinos
1754 4046 1929 4095 suos
1980 4022 2335 4095 incendiis
2406 4032 2483 4094 et

312 4121 837 4221 direptionibus
890 4126 964 4197 in
1020 4132 1373 4221 quantum
1426 4121 1667 4218 potuit
1717 4121 2071 4197 infestare
2124 4145 2270 4195 non
2324 4144 2481 4194 ces-
