3027 4904
1056 380 1067 387 “
1096 349 1176 422 Α.
1251 345 1667 422 788—791.
2370 349 2468 427 33

293 526 452 622 igni,
498 525 772 607 vastari
844 525 1075 605 iussit.
1184 527 1332 603 Sed
1396 551 1585 624 gens
1635 527 1800 624 illa,
1870 530 2204 627 quamvis
2257 530 2464 605 belli-

293 650 467 700 cosa
535 636 613 699 et
680 625 756 697 in
825 650 959 699 sua
1011 628 1548 702 numerositate
1616 627 2034 726 confidenS,
2103 631 2464 729 impetum

292 726 659 799 exercitus
729 724 915 821 regii
988 726 1113 799 diu
1176 727 1546 802 sustinere
1617 749 1765 798 non
1811 729 2088 824 valuit,
2163 754 2248 802 ac
2296 755 2464 827 pro-

290 825 501 920 inde,
556 849 720 905 cum
770 826 1093 923 primum
1146 827 1521 903 civitatem
1569 826 1967 923 Dragawiti
2017 839 2318 901 ventum
2348 841 2466 903 est

294 965 392 978 --
444 949 615 996 nam
679 926 741 997 is
798 926 1071 999 ceteris
1126 926 1564 1001 Wiltzorum
1618 926 1900 1023 regulis
1954 938 2028 1001 et
2076 926 2463 1004 nobilitate

291 1025 586 1120 generis
651 1036 728 1097 et
799 1024 1229 1102 auctoritate
1295 1026 1695 1103 senectutis
1758 1027 1985 1122 longe
2051 1028 2464 1123 praemine-

291 1124 418 1197 bat
486 1161 568 1174 ——
642 1125 1034 1220 extemplo,
1076 1149 1258 1196 cum
1311 1125 1654 1205 omnibus
1708 1125 1863 1199 suis
1915 1125 2008 1198 ad
2060 1135 2319 1222 regem
2372 1127 2466 1201 de

236 1255 241 1259 ·
290 1223 583 1297 civitate
636 1223 1030 1319 processit,
1103 1223 1578 1321 obsides'qui
1630 1223 2184 1323 imperabantur
2234 1227 2460 1322 dedit,

289 1321 520 1395 fidem
589 1344 671 1394 se
738 1321 896 1416 regi
960 1346 1049 1394 ac
1099 1323 1394 1397 Francis
1466 1334 1934 1397 servaturum
1992 1324 2462 1399 iureiurando

288 1419 649 1518 promisit.
779 1421 1018 1510 Quem
1102 1424 1327 1497 ceteri
1409 1423 1846 1497 Sclavorum
1929 1425 2295 1522 primores
2376 1450 2463 1499 ac

291 1521 530 1615 reguli
583 1542 843 1592 omnes
896 1521 1174 1617 secuti,
1246 1547 1329 1595 se
1378 1523 1577 1618 regis
1631 1522 1900 1597 dicioni
1952 1524 2459 1599 subdiderunt.

291 1621 478 1692 Tum
547 1620 719 1714 ille,
790 1619 1093 1694 subacto
1165 1622 1293 1694 illo
1365 1623 1641 1720 populo
1697 1632 1776 1694 et
1845 1622 2223 1699 obsidibus
2277 1649 2462 1720 quos

287 1719 465 1792 dare
529 1720 846 1792 iusserat
896 1722 1253 1820 acceptis,
1324 1721 1592 1795 eadem
1644 1725 1765 1797 via
1815 1747 1959 1819 qua
2007 1732 2319 1795 venerat
2368 1725 2461 1797 ad

284 1819 532 1892 Albim
556 1842 944 1914 regressus
977 1832 1113 1915 est,
1169 1833 1244 1893 et
1273 1821 1598 1894 exercitu
1629 1846 1763 1919 per
1799 1834 2097 1919 pontem
2130 1823 2460 1920 reducto,

288 1918 510 1992 rebus
558 1943 861 2016 quoque
931 1919 1024 1991 ad
1080 1920 1411 1995 Saxones
1444 1920 2003 2018 ,pertinentibus
2053 1921 2459 1997 secundum

287 2029 584 2116 tempus
638 2017 1052 2115 dispositis,
1108 2021 1180 2090 in
1232 2020 1616 2097 Franciam
1670 2045 2015 2095 reversus
2068 2032 2207 2116 est,
2261 2033 2335 2095 et
2386 2023 2461 2094 in

290 2116 713 2188 Wormacia
787 2117 1077 2192 civitate
1154 2129 1226 2191 et
1291 2121 1618 2197 natalem
1686 2121 1979 2193 Domini
2045 2131 2118 2195 et
2189 2122 2460 2217 pascha

288 2214 709 2300 celebravit.
1186 2274 1189 2287 .
1891 2264 1892 2267 =
2193 2267 2198 2272 -

438 2316 623 2399 790..
683 2318 841 2391 Hoc
906 2340 1097 2391 anno
1167 2320 1454 2390 nullum
1524 2318 1666 2390 iter
1737 2318 2129 2391 exercitale
2183 2342 2224 2389 a
2279 2340 2459 2411 rege

288 2417 606 2510 faetum3
650 2417 794 2496 ,sed
849 2416 922 2489 in
975 2417 1395 2495 Wormacia
1447 2417 1821 2512 residens,
1875 2418 2163 2511 legatos
2210 2416 2461 2490 Huno-

287 2539 454 2587 rum
508 2527 603 2596 et¹
634 2515 946 2609 audivit,
1001 2528 1078 2590 et
1128 2541 1303 2589 suos
1354 2515 1686 2590 vicissim,
1735 2516 1825 2594 ad
1880 2539 2141 2589 eorum
2194 2515 2457 2613 princi·-

287 2638 420 2712 pes
474 2613 709 2690 misit„
787 2614 1171 2711 Agebatur
1220 2616 1412 2689 inter
1473 2638 1604 2689 eos
1658 2616 1751 2687 de
1805 2614 2137 2689 confiniis
2190 2639 2459 2710 regno-

288 2738 454 2786 rum
503 2738 831 2810 suorum,
886 2714 1145 2811 quibus
1199 2714 1273 2787 in
1325 2712 1507 2787 locis
1560 2738 1728 2787 esse
1782 2715 2158 2791 deberent.
2258 2717 2462 2788 Haec
2537 2801 2542 2804 ,

215 2896 241 2914 .
287 2814 930 2910 contentioatque
977 2812 1409 2910 altercacio,
1465 2813 1677 2910 belli,
1733 2814 1927 2912 quod
1979 2825 2238 2913 postea
2288 2837 2459 2898 cum

285 2913 519 2985 Hunis
572 2922 869 3007 gestum
923 2926 1074 3008 est,
1129 2913 1610 2987 seminarium
1661 2927 1737 2987 et
1788 2914 1996 3009 origo
2049 2915 2210 3006 fuit,
2304 2914 2460 2988 Rex

286 3023 577 3105 autem,
656 3034 749 3082 ne
828 3013 1032 3109 quasi
1108 3037 1243 3112 per
1320 3012 1552 3094 otium
1628 3023 1925 3110 torpere
2004 3036 2090 3085 ac
2161 3025 2457 3108 tempus

283 3121 528 3182 terere
597 3109 1005 3205 videretur,
1076 3137 1210 3209 per
1261 3113 1611 3183 Moenum
1662 3109 1972 3183 fluvium
2035 3111 2126 3182 ad
2182 3108 2455 3206 Saltz1,

282 3209 639 3306 palatium
710 3233 928 3281 suum
993 3210 1064 3281 in
1120 3209 1517 3283 Germania
1585 3209 1786 3282 iuxta
1839 3209 2093 3283 Salam
2145 3207 2456 3281 fluvium

283 3320 806 3403 constructum,
861 3307 1259 3407 navigavit,
1314 3319 1535 3406 atque
1568 3309 1740 3380 inde
1787 3307 2052 3382 iterum
2106 3333 2240 3407 per
2278 3332 2458 3381 eun-

286 3406 454 3480 dem
514 3415 816 3481 'amnem
879 3409 1203 3482 secunda
1280 3433 1469 3507 aqua
1540 3408 2033 3482 Wormaciam
2109 3433 2455 3486 reversus

284 3517 419 3579 est.
499 3508 829 3603 Cumque
880 3508 979 3580 ibi
1031 3508 1421 3604 hiemaret,
1475 3508 1722 3606 ipsum
1774 3509 2129 3607 palatium
2182 3509 2254 3583 in
2310 3534 2454 3606 quo

283 3605 894 3702 conversabatur,
965 3632 1136 3681 casu
1210 3608 1626 3704 accidente,
1704 3621 2061 3697 nocturno
2114 3607 2453 3680 incendio

283 3715 832 3779 concrematum
885 3717 1020 3779 est.
1121 3707 1229 3779 lbi
1281 3719 1550 3782 tamen
1580 3731 2067 3804 permanenS‚
2123 3719 2196 3782 et
2245 3716 2452 3779 nata-

281 3805 431 3877 lem
479 3803 772 3875 Domini
847 3815 921 3877 et
973 3807 1247 3903 pascha
1298 3829 1511 3880 more
1562 3808 1876 3880 solemni
1931 3804 2352 3878 celebravit.

428 3903 598 3976 791.
680 3903 1073 3978 Transacta
1146 3907 1355 3980 verni
1424 3907 1827 4005 temperie,
1898 3904 2084 3976 circa
2152 3904 2455 3980 aestatis

280 4002 566 4077 initium
619 4026 749 4076 rex
806 4001 897 4074 de
953 4003 1369 4079 Wormacia
1426 4029 1765 4100 movenS,
1818 4002 2232 4079 Baioariam
2286 4030 2454 4103 pro-

287 4133 333 4203 l)
373 4152 540 4206 prope
591 4133 997 4206 Konigshosen,
1057 4138 1123 4190 ad
1175 4135 1333 4191 Salae
1370 4136 1663 4192 Francicae
1702 4146 1879 4208 caput.

1812 4232 1856 4305 3
