3027 4904
1162 301 1242 371 A.
1300 300 1717 373 756-760.
2483 307 2530 379 7

352 480 631 579 passim
694 478 1033 577 proeliis,
1105 481 1502 580 plurimam
1573 505 1664 554 ex
1729 481 1908 578 ipsis
1978 482 2526 556 multitudinem

351 580 657 676 occidit,
711 581 1097 677 coegitque
1152 593 1233 655 ut
1281 581 1842 678 promitterent,
1910 604 1992 654 se
2047 606 2344 656 omnem
2398 609 2525 656 vo-

350 682 714 755 luntatem
765 680 961 753 illius
1014 704 1180 754 esse
1233 682 1586 778 facturoS,
1642 692 1716 754 et
1770 680 1979 757 annis
2031 681 2341 779 singulis
2395 684 2525 756 ho-

346 781 548 855 noris
618 792 838 859 causa
909 780 1002 852 ad
1068 782 1499 875 generalem
1571 791 2016 854 conventum
2080 805 2308 879 equos
2378 785 2526 859 300

347 904 480 978 pro
533 904 840 955 munere
895 881 1219 953 daturoS.
1324 880 1457 953 His
1507 881 1611 953 ita
1664 881 2132 979 compositiS,
2188 895 2264 956 et
2314 907 2523 955 more

349 980 754 1075 Saxonico,
828 991 910 1052 ut
976 989 1139 1052 rata
1191 1004 1357 1053 esse
1412 981 1810 1076 deberent,
1885 979 2375 1092 confirmatis,
2450 983 2525 1055 in

347 1080 664 1154 Galliam
718 1102 886 1152 sese
940 1103 1106 1151 cum
1160 1079 1483 1154 exeicitu
1535 1104 1671 1152 suo
1725 1080 2025 1192 recepit.

494 1181 663 1254 759.
745 1180 977 1250 Natus
1039 1191 1156 1252 est
1205 1180 1512 1277 Pippino
1580 1179 1744 1274 regi
1813 1179 2044 1277 filius,
2116 1204 2335 1294 quem
2390 1206 2522 1254 suo

347 1278 646 1351 nomine
708 1277 1093 1376 Pippinum
1167 1280 1414 1351 vocari
1474 1278 1727 1353 voluit.
1850 1279 2001 1352 Sed
2053 1304 2239 1377 puel
2289 1282 2523 1353 inma-

347 1389 511 1450 tura
555 1389 795 1451 morte
823 1390 1297 1475 praeventus,
1350 1380 1568 1453 tertio
1608 1390 1777 1476 post
1814 1379 2271 1453 nativitatem
2308 1404 2526 1452 suam

346 1502 536 1550 anno
608 1478 948 1551 decessit.
1068 1478 1226 1551 Hoc
1294 1502 1485 1551 anno
1559 1478 1962 1551 celebravit
2015 1503 2142 1551 rex
2196 1480 2523 1553 natalem

347 1577 639 1650 Domini
693 1578 766 1649 in
820 1574 1242 1675 Lonclare1,
1314 1590 1390 1651 et
1439 1578 1713 1676 pascha
1765 1578 1839 1650 in
1893 1576 2213 1675 Iopi1a23
2283 1603 2522 1676 neque

346 1688 552 1751 extra
622 1677 832 1773 regni
887 1677 1002 1750 sui
1053 1678 1410 1753 terminos
1464 1677 1758 1774 aliquod
1811 1677 1950 1750 iter
2002 1677 2198 1751 fecit.

390 1814 393 1817 1
495 1778 664 1851 760.
744 1777 1140 1851 Waifarius
1194 1778 1338 1849 dux
1390 1777 1865 1875 Aquitaniae,
1940 1802 2107 1851 cum
2159 1802 2281 1852 res
2335 1801 2520 1875 quae

345 1875 419 1949 in
487 1902 622 1952 sua
673 1888 1038 1973 potestate
1103 1890 1351 1973 erant,
1429 1888 1500 1950 et
1554 1878 1647 1950 ad
1702 1877 2052 1951 ecclesias
2107 1877 2242 1950 sub
2297 1903 2523 1975 manu

344 1977 626 2075 Pippini
659 1977 860 2072 regis
896 1979 1330 2052 constitutas
1360 1976 1848 2075 pertinebant,
1883 1978 2294 2051 rectoribus
2324 1976 2520 2076 ipso-

343 2101 510 2148 rum
539 2077 1070 2151 venerabilium
1105 2078 1438 2151 locorum
1469 2078 1782 2150 reddere
1815 2077 2200 2175 noluisset,
2245 2077 2521 2175 ipsum-

344 2201 484 2272 que
522 2201 777 2272 regem
814 2202 969 2276 pro·
1001 2176 1239 2251 bisse
1293 2202 1426 2276 per
1469 2179 1774 2274 legatos
1818 2201 1994 2250 suos
2048 2201 2521 2251 commonen-

342 2289 497 2350 tem
549 2277 801 2351 audire
855 2288 1405 2373 contemneret,
1461 2277 1920 2351 contumacia
1975 2302 2107 2350 sua
2161 2278 2253 2349 ad
2294 2277 2522 2351 susci-

339 2375 694 2473 piendum
771 2387 1023 2450 contra
1095 2401 1176 2449 se
1247 2376 1528 2449 bellum
1596 2377 2008 2450 concitavit.
2139 2379 2325 2448 Nam
2391 2400 2523 2448 rex

344 2474 741 2550 contractis
835 2475 1167 2588 ιιιιᾱίηᾳιιθ
1252 2477 1481 2574 copiis
1563 2475 2031 2572 Aquitaniam
2110 2474 2519 2572 ingressuS,

344 2575 540 2650 bello
595 2599 677 2648 se
728 2598 849 2648 res
894 2586 967 2647 et
999 2574 1314 2649 iustitias
1354 2574 1834 2648 ecclesiarum
1870 2586 2297 2648 exacturum
2349 2600 2519 2672 pro·

344 2673 725 2749 nuntiavit.
846 2676 1175 2772 Cumque
1218 2675 1301 2747 in
1354 2676 1556 2767 loco,
1611 2674 1748 2771 qui
1789 2671 2138 2747 Tedoad³
2192 2687 2516 2771 vocatur,

343 2774 606 2873 positis
660 2776 915 2848 castris
971 2775 1463 2872 consedisset
1494 2774 1931 2848 'Waifarius
1984 2773 2180 2848 bello
2236 2787 2522 2848 certare

343 2900 492 2952 non
544 2899 808 2971 ausuS,
862 2875 1092 2950 missa
1145 2876 1236 2947 ad
1291 2900 1550 2971 regem
1605 2875 2013 2987 legatione,
2069 2874 2386 2971 spondet
2438 2897 2520 2948 se

345 2976 708 3073 imperata
744 2976 1130 3072 facturum,
1173 2977 1654 3048 ecclesiarum
1693 2974 2000 3048 iustitias
2031 2974 2517 3070 redditurum,
2615 3069 2625 3070 ἶ

347 3075 646 3148 obsides
732 3074 855 3171 qui
933 3076 1507 3173 imperarentur
1558 3075 1938 3148 daturum:
2016 3073 2221 3145 dedit
2294 3072 2518 3146 etiam

347 3175 532 3248 duos
588 3174 679 3246 de
712 3174 1158 3271 primoribus
1193 3176 1460 3271 gentis,
1503 3174 1981 3268 Adalgarium
2033 3183 2112 3245 et
2139 3172 2519 3245 Itherium.

345 3275 438 3348 Et
486 3275 629 3347 hoc
681 3275 914 3369 facto,
986 3285 1439 3348 commotum
1496 3284 1753 3347 contra
1805 3296 1886 3345 se
1938 3272 2138 3367 regis
2185 3273 2519 3345 animum

349 3374 534 3450 adeo
598 3375 1002 3487 mitigavit,
1080 3387 1195 3450 ut
1225 3373 1476 3448 statim
1542 3373 1739 3446 bello
1793 3371 2206 3446 desisteret.
2327 3374 2518 3445 Nam

348 3474 664 3568 acceptis
742 3475 1159 3573 obsidibus,
1240 3475 1359 3572 qui
1438 3473 1531 3545 ad
1600 3472 1824 3545 fidem
1908 3471 2518 3569 promissionibus

346 3571 763 3646 faciendam
795 3575 945 3647 dati
976 3587 1172 3672 sunt,
1224 3599 1356 3648 rex
1393 3571 1589 3646 bello
1635 3571 2013 3667 abstinuit,
2065 3571 2517 3682 domumque

347 3685 734 3788 reversus,
801 3674 1104 3748 dimisso
1157 3673 1523 3767 exercitu,
1589 3672 1661 3746 in
1713 3673 1890 3746 villa
1942 3672 2311 3746 Carisiaco
2363 3668 2518 3742 hie-

348 3771 604 3869 mavit,
645 3774 720 3846 i‘n
748 3797 890 3870 qua
928 3786 1003 3849 et
1029 3775 1353 3847 natalem
1379 3773 1675 3847 Domini
1703 3786 1778 3847 et
1803 3771 2072 3871 pascha
2098 3768 2516 3844 celebravit.

350 3941 397 4013 1)
437 3940 602 3999 Glare
650 3944 708 3998 in
745 3940 1058 3998 Arduenna.
1218 3943 1274 4013 2)
1313 3942 1457 4014 Iupil
1493 3953 1679 3998 contra
1717 3941 1980 3996 Leodium
2034 3948 2089 3993 et
2122 3937 2521 4004 Horistallium,

345 4016 401 4070 in
436 4016 635 4072 dextra
682 4014 872 4072 Mosae
926 4017 1060 4086 ripa.
1242 4015 1294 4083 3)
1333 4014 1532 4080 Bone,
1578 4016 1728 4069 vicus
1772 4014 1947 4071 15000
1981 4027 2248 4084 passuum
2286 4030 2318 4067 a
2354 4013 2521 4071 fluvio

347 4085 531 4158 Ligeri
575 4097 842 4157 remotae,
897 4089 952 4142 in
991 4087 1189 4143 finibus
1226 4086 1512 4143 Pictonum
1556 4096 1610 4141 et
1646 4083 1883 4141 Andium
1920 4103 2091 4159 prope
2129 4084 2342 4141 Semur.
