3027 4904
1136 302 1218 372 A.
1276 300 1694 381 794-—179a
2407 304 2504 385 39

331 479 746 557 nuntiatum
780 491 920 575 est,
956 480 1378 578 witzinum,
1433 507 1688 579 regem
1725 482 2277 578 Abodritorum,
2329 476 2500 559 oum

334 580 575 661 Albim
628 579 1005 676 traiceret,
1059 581 1131 658 in
1186 580 1580 681 dispositas
1634 608 1678 655 a
1729 581 2146 677 Saxonibus
2194 581 2499 661 insidias

330 681 404 754 in
475 681 635 778 ipso
704 678 1008 757 flumine
1044 678 1501 776 «incidisse,
1546 692 1622 755 et
1667 681 1764 757 ab
1820 682 1927 756 eis
1980 705 2148 759 esse
2199 682 2500 760 interfe-

332 792 551 859 ctum.
658 781 871 871 Quod
923 784 1199 853 factum
1237 780 1481 856 animo
1517 784 1738 878 ,regis
1790 783 1881 856 ad
1918 782 2252 857 Saxones
2288 783 2501 856 citius

333 880 813 956 debellandos
867 883 1072 955 velut
1123 882 1484 978 quosdam
1515 882 1873 959 stimulos
1926 881 2247 977 addidit,
2303 894 2398 961 et,
2428 883 2502 963 in

332 981 583 1059 odium
660 981 990 1080 perfidae
1077 981 1320 1075 gentis
1405 974 1722 1081 amplius
1787 982 2194 1063 excitavit..
2273 970 2500 1061 Terra

330 1081 556 1176 igitur
606 1105 880 1176 magna
931 1104 1021 1153 ex
1074 1093 1282 1178 parte
1311 1093 1682 1178 vastata,
1724 1095 1796 1156 et
1843 1081 2268 1177 obsidibus,
2319 1105 2504 1178 quos

333 1183 509 1255 dare
562 1179 923 1273 iusserat,
988 1181 1352 1278 acceptis,
1406 1182 1479 1259 in
1529 1183 1912 1261 Franciam
1966 1191 2500 1261 reversuscst,

331 1282 415 1352 ln
467 1283 609 1354 hac
661 1279 1150 1379 expeditione,
1205 1281 1381 1353 dum
1433 1293 1676 1358 castra
1727 1305 1953 1381 super
1980 1281 2227 1361 Albim
2279 1280 2502 1360 habe-

332 1392 471 1476 ret,
526 1391 889 1455 venerunt
939 1380 1032 1452 ad
1078 1403 1257 1453 ,eum
1308 1382 1534 1477 legati
1573 1380 1680 1457 'de
1718 1381 2091 1454 Pannonia
2143 1380 2360 1459 unius
2414 1404 2504 1457 ex

332 1479 781 1578 primoribus
818 1480 1229 1577 Hunorum,
1283 1482 1417 1577 qfui,
1458 1482 1655 1579 apud
1708 1506 1885 1555 suos
1926 1477 2232 1553 Tudun1
2286 1503 2501 1557 voca-

332 1582 567 1654 batur.
698 1582 768 1656 Is
804 1670 805 1673 ¹
837 1590 913 1654 et
964 1605 1209 1653 suum·
1251 1581 1689 1675 adventum,
1763 1591 1837 1654 et
1871 1596 1968 1653 ‘se
2022 1578 2501 1669 christianum

328 1680 490 1755 fieri
528 1681 722 1753 velle
758 1676 1130 1777 promisit.
1212 1681 1366 1752 Rex
1404 1694 1651 1758 autem
1681 1679 2502 1777 Aquasgraniveniens,

330 1780 519 1857 sicut
588 1789 665 1851 et
728 1804 919 1852 anno
988 1780 1408 1878 superiore,
1486 1781 1588 1852 ibi
1664 1779 2124 1878 temporibus
2201 1778 2356 1859 suis
2429 1788 2504 1855 et

326 1881 652 1954 natalem
703 1878 999 1965 Domini
1075 1892 1149 1955 et
1198 1882 1474 1980 pascha
1527 1879 1943 1955 celebravit.

477 2019 646 2090 796.
719 2015 1036 2112 Romae,
1105 2016 1477 2088 Hadriano
1546 2018 1933 2110 defunct0,
2012 2013 2161 2085 Leo
2217 2009 2503 2111 pontifi-

330 2125 579 2188 catum
643 2114 1008 2212 suscepit,
1078 2127 1155 2189 et
1221 2139 1394 2187 mox
1463 2138 1599 2213 per
1666 2118 1953 2211 legatos
2019 2138 2194 2185 suos
2257 2113 2502 2184 claves

330 2214 822 2301 confessionis²
853 2213 1103 2287 >sancti
1156 2216 1352 2289 Petri
1413 2216 1902 2309 ac'‘vexillum
1955 2214 2330 2285 Romanae
2379 2235 2502 2282 ‘ur-

327 2316 442 2390 bis
496 2340 666 2388 cum
718 2313 878 2388 aliis
932 2314 1358 2388 muneribus
1410 2315 1572 2409 regi
1619 2315 1868 2408 misit,
1938 2312 2369 2408 rogavitque
2424 2322 2505 2383 ut

329 2416 648 2514 aliquem
701 2415 793 2487 de
846 2414 1000 2487 suis
1055 2412 1527 2512 optimatibus
1580 2415 1889 2487 Romam
1944 2412 2311 2505 mitteret,
2381 2409 2503 2505 qui

331 2517 687 2616 populum
716 2515 1130 2586 Romanum
1178 2514 1269 2585 ad
1322 2537 1546 2585 suam¹
1587 2513 1810 2585 fidem
1865 2524 2081 2609 atque
2111 2510 2502 2583 subiectio·-

327 2631 501 2691 nem
607 2640 688 2688 er
740 2625 1204 2688 sacramenta
1268 2612 1622 2700 firmaret.
1727 2613 1997 2685 Missus
2049 2621 2166 2706 est
2218 2610 2319 2682 ad·
2363 2610 2504 2681 hoc

329 2642 828 2813 AngilEertus,
884 2712 1112 2787 ‘abbas
1165 2713 1593 2787 monasterii
1646 2712 1875 2785 sancti
1925 2708 2502 2806 Richarii2,fpe‘r

331 2841 573 2914 quem·
627 2816 893 2888 etiam³
934 2827 1117 2892 tunc,
1187 2814 1278 2886 ad
1354 2825 1692 2888 sanctum
1773 2813 2074 2885 Petrum
2149 2829 2500 2910 magnam

330 2928 616 3015 partem
682 2914 1050 3009 thesauri,
1132 2938 1352 3010 quem
1421 2914 1675 2986 Ericus
1740 2914 1887 2984 dux
1948 2909 2500 3003 Foroiuliensis,

333 3016 646 3116 spoliata
712 3015 1097 3086 Hunorum
1169 3013 1374 3110 regia
1439 3036 1627 3110 quae
1680 3013 2004 3106 Hringus
2061 3009 2500 3100 vocabatur,

332 3117 597 3190 eodem
668 3138 858 3186 anno
947 3112 1262 3207 regisde
1320 3112 1712 3185 Pannonia
1787 3111 2190 3204 detulerat,
2272 3106 2499 3202 misit,

331 3218 701 3315 reliquum·
747 3236 926 3285 vero
983 3213 1170 3286 inter
1223 3211 1747 3309 optimateset
1800 3208 2074 3281 aulicos
2134 3218 2500 3280 caeteros-⁵

331 3341 471 3414 que
524 3316 598 3388 in
650 3315 927 3413 palatio
996 3331 1129 3385 suo
1182 3310 1584 3385 militantes
1637 3308 1925 3383 liberali
1974 3332 2201 3380 manu
2256 3305 2499 3391 distri·

330 3416 506 3488 buit.
608 3417 843 3513 Atque
896 3414 1011 3487 his
1067 3411 1421 3511 expletis,
1475 3412 1634 3509 ipse
1689 3434 1857 3482 cum
1912 3409 2233 3482 exercitu
2275 3408 2499 3480 Fran-

331 3538 586 3589 corum
615 3514 1010 3586 Saxoniam
1061 3513 1297 3611 petiit,
1349 3512 1736 3610 Pippinum
1781 3534 1961 3583 vero
2012 3508 2246 3582 filium
2284 3530 2500 3604 suum

338 3640 500 3691 cum
553 3612 822 3686 Italicis
893 3638 978 3686 ac
1025 3612 1419 3685 Baioaricis
1474 3612 1720 3709 copiis·
1763 3611 1836 3684 in
1888 3605 2500 3682 Pannoniam'ire

339 3714 562 3791 iussit.
690 3709 783 3785 Et
832 3712 994 3812 ipse
1046 3711 1383 3810 quidem,
1451 3710 1773 3784 Saxonia
1824 3734 1915 3782 ex
1965 3730 2238 3802 magna
2291 3711 2500 3803 parte*

342 3825 666 3909 vastata,
762 3812 852 3885 ad
946 3811 1422 3886 hiemandum
1513 3808 1977 3910 Aquasgrani
2065 3806 2499 3900 revertitur,

347 4001 394 4069 1)
430 4002 622 4058 Tudun
659 3961 858 4060 nomen
896 4001 1198 4072 dignitatis,
1238 4019 1347 4056 non
1383 3963 1649 4064 hominis,
1700 3996 1844 4069 quod
1883 4002 1937 4050 et
1971 4005 2158 4052 noster
2189 3994 2397 4058 innuit;
2434 3992 2504 4058 ct.

342 4072 634 4132 Historiam
671 4076 1125 4146 miscellamfflag.
1167 4076 1289 4132 144.
1470 4071 1523 4144 2)
1563 4070 1620 4126 S.
1656 4069 1916 4143 Riquier,
1957 4070 2023 4123 ad
2060 4068 2196 4124 ostia
2234 4064 2505 4128 Summae.
