3027 4904
921 370 1373 446 EINHARDI
1425 370 1879 447 ANNALES.
2383 371 2485 427 VH

319 553 428 624 vel
487 553 795 624 maxime
862 550 1271 626 historicum
1337 552 1589 625 deceat
1648 554 1777 649 (cf.
1848 576 1900 624 e.
1952 577 2017 648 q.
2092 576 2284 626 anno
2338 555 2485 627 778

188 730 197 737 ,
318 652 552 725 locum
617 651 703 722 de
746 674 997 747 puqna
1059 675 1220 724 cum
1296 652 1799 747 Wasconibus,
1868 654 1986 746 qui
2053 656 2298 725 statim
2364 654 2486 725 tibi

319 755 505 823 vitae
556 751 812 823 Karoli
861 756 1083 845 caput
1127 754 1196 825 9.
1263 754 1335 822 in
1397 758 1698 823 mentem
1748 751 2130 845 revocabit,
2186 777 2253 825 a.
2308 753 2479 847 787,

320 851 489 944 789,
545 851 713 944 792,
768 851 934 925 793.
986 852 1479 922 narrationem
1533 850 1619 921 de
1676 851 2059 923 Tassilonis
2109 854 2346 947 ruina,
2387 852 2488 925 de

318 951 495 1022 bello
543 950 873 1044 Wiltzico,
928 973 1112 1045 quae
1163 957 1231 1021 et
1279 974 1434 1044 cap.
1483 952 1575 1023 12
1627 951 1820 1034 vitae·
1857 949 2112 1022 Karoli
2161 950 2485 1046 habetur,

320 1051 405 1122 de
470 1051 958 1122 coniuratione
1020 1048 1428 1121 Fastradae
1496 1048 1911 1121 crudelitate
1973 1052 2323 1144 excitata,
2401 1051 2488 1124 de

316 1148 596 1221 haeresi
623 1147 1050 1242 Feliciana),
1084 1150 1537 1241 incorruptus
1565 1148 1858 1243 denique
1903 1150 2219 1222 veritatis
2255 1173 2488 1243 amor,

321 1248 622 1320 annales
672 1248 849 1319 istos
900 1270 1120 1342 aeque
1173 1271 1264 1319 ac
1292 1243 1548 1318 Karoli
1576 1245 1829 1341 Maqni
1859 1250 2076 1318 vitam
2110 1248 2484 1321 Einhardo

318 1348 700 1419 vindicant.
810 1346 1005 1434 Quae
1058 1369 1218 1418 cum
1268 1348 1371 1416 ita
1422 1348 1595 1439 sint,
1649 1347 1722 1417 in
1771 1348 2005 1431 fontes
2058 1350 2293 1441 operis
2343 1371 2489 1420 non

321 1448 443 1518 diu
494 1446 980 1541 inquirendum
1035 1447 1186 1516 erit.
1289 1445 1502 1518 Prior
1560 1446 1900 1539 siquidem
1944 1470 2131 1538 pars
2179 1446 2342 1519 inde
2396 1447 2488 1517 ab

323 1569 512 1618 anno
567 1547 706 1618 741
782 1545 886 1616 ad
948 1568 1218 1616 annum
1283 1567 1502 1638 usque
1556 1544 1701 1618 788
1768 1544 2148 1618 annalibus
2197 1547 2489 1617 Lauris-

325 1645 642 1717 sensibus
693 1647 973 1737 nititur,
1028 1646 1131 1715 ita
1184 1651 1457 1737 tamen,
1510 1648 1609 1735 ut,
1662 1644 2054 1715 mendaciis
2106 1644 2214 1715 vel
2260 1645 2492 1715 minus

323 1750 507 1815 recte
578 1744 784 1814 dictis
858 1745 1229 1836 correctis,
1303 1744 1557 1834 parvis
1628 1744 1907 1814 omissis
1967 1749 2036 1813 et
2098 1743 2492 1814 maioribus

324 1842 610 1935 additis,
665 1848 887 1913 totum
934 1865 1112 1934 opus
1151 1865 1198 1912 a
1251 1842 1381 1912 tali
1429 1844 1583 1913 viro
1614 1841 1980 1936 diliqenter
2028 1844 2491 1936 recoqnitum,

323 1941 772 2013 emendatum
835 1942 1214 2036 meliusque
1285 1940 1742 2034 dispositum,
1821 1941 2038 2012 multo
2109 1943 2494 2033 perfectius

321 2042 484 2113 inde
536 2041 854 2112 evaserit.
953 2038 1318 2112 Annorum
1370 2064 1536 2111 vero
1574 2039 1992 2132 789-829,
2047 2040 2296 2134 quibus
2345 2042 2494 2133 ipse

325 2140 523 2234 reqni
591 2139 886 2232 neqotiis
953 2162 1001 2209 a
1052 2138 1327 2210 Karolo
1397 2144 1467 2210 et
1527 2138 1944 2211 Hludowico
2016 2138 2373 2210 adhibitus
2428 2144 2498 2210 et

323 2242 398 2311 in
478 2261 755 2310 summo
848 2239 962 2322 fer
964 2261 999 2309 e
1084 2239 1378 2332 fastiqio
1464 2244 1791 2310 versatus
1885 2243 2027 2330 est,
2118 2237 2495 2310 historiam

318 2339 632 2432 propriis
685 2338 1021 2430 auspiciis
1073 2337 1390 2409 absolvit.
1498 2336 1706 2424 Quod
1753 2359 1922 2409 num
1973 2338 2154 2408 inter
2201 2340 2361 2430 ipsa
2394 2339 2499 2409 rei

318 2436 648 2532 publicae
702 2436 1321 2508 administrandae
1365 2438 1676 2530 neqotia,
1733 2459 1829 2508 an
1873 2459 2006 2528 per
2060 2438 2281 2508 otium
2318 2435 2491 2508 Seli-

324 2536 792 2631 qenstadense
841 2537 1118 2629 fecerit,
1187 2558 1331 2607 non
1380 2538 1562 2606 satis
1611 2537 1684 2606 in
1736 2536 1983 2627 aprico
2040 2540 2148 2607 est
2160 2562 2190 2626 ,-
2262 2538 2496 2629 maqis

326 2642 568 2707 tamen
620 2637 692 2707 in
723 2658 882 2705 eam
930 2641 1216 2727 partem
1267 2633 1547 2728 inclino,
1600 2640 1679 2706 ut
1711 2656 1845 2727 per
1871 2634 2190 2727 sinqulos
2241 2657 2494 2728 annos,

328 2735 497 2808 dum
546 2736 694 2827 ipse
743 2733 955 2805 rebus
1002 2732 1329 2828 qerendis
1379 2756 1655 2828 maqna
1721 2757 1805 2804 ecc
1847 2739 2062 2826 parte
2106 2741 2494 2829 praeesset,

327 2835 694 2927 scripsisse
746 2835 1153 2905 existimem.
1239 2834 1430 2905 Nam
1480 2833 1641 2905 licet
1690 2839 1759 2904 et
1796 2839 1969 2926 post
2015 2833 2498 2906 voluntariam

329 2956 566 3005 rerum
616 2927 1098 3005 saecularium
1149 2933 1714 3025 abdicationem,
1767 2938 1920 3003 tam
1961 2933 2225 3005 vivente
2278 2957 2497 3029 quam

332 3033 661 3118 defuncto
727 3032 1144 3105 Hludowico
1196 3029 1512 3127 Auqusto
1530 3088 1552 3127 ,
1623 3032 1832 3104 rebus
1875 3032 2178 3125 publicis
2241 3056 2317 3104 se
2367 3036 2496 3103 im-

329 3133 692 3203 miscuisse
769 3130 1216 3223 exploratum
1304 3131 1737 3222 habeamus,
1830 3130 2123 3225 ideoque
2199 3154 2327 3203 nec
2404 3131 2497 3202 ab

329 3231 627 3303 historia
692 3230 1071 3312 scribenda
1123 3236 1518 3322 temperare
1568 3228 1888 3300 debuisse
1939 3230 2333 3302 credendus
2382 3232 2496 3324 sit,

332 3336 571 3403 tamen
633 3332 706 3401 in
779 3329 1159 3402 annalibus
1228 3351 1420 3400 anno
1472 3328 1622 3403 806
1674 3326 1762 3400 de
1814 3327 2217 3422 eclipsibus,
2289 3332 2500 3403 annis

335 3429 478 3501 823
548 3436 617 3501 et
675 3429 823 3503 825
893 3429 980 3502 de
1039 3428 1283 3523 puella
1351 3429 1987 3501 Commerciacensi
2071 3428 2266 3502 dicta
2327 3431 2500 3522 ipsis

338 3528 547 3598 annis
599 3530 995 3621 composita
1048 3552 1199 3602 esse
1252 3533 1579 3621 apparet.
1698 3526 2021 3622 Dumque
2074 3530 2269 3601 circa
2319 3529 2499 3600 Rhe-

335 3649 506 3697 num
570 3628 934 3718 scripsisse
1005 3650 1085 3699 eo
1150 3628 1636 3723 intelliqimus,
1706 3626 1898 3721 quod
1967 3650 2160 3699 anno
2213 3627 2352 3701 821
2413 3627 2502 3698 de

333 3725 563 3821 qlacie
611 3727 984 3809 fluviorum
1036 3729 1108 3797 in
1164 3727 1399 3799 Gallia
1450 3733 1521 3799 et
1570 3727 1996 3818 Germania,
2049 3726 2292 3820 Rheni,
2345 3726 2500 3799 Da-

333 3825 561 3917 nubii,
633 3823 826 3896 Albis
896 3849 986 3897 ac
1049 3824 1430 3921 Sequanae
1499 3826 1807 3918 locutus,
1878 3826 2176 3897 adiiciat
2240 3829 2499 3920 „cuius

336 3924 690 3998 resolutio
763 3948 906 3996 non
976 3926 1345 3998 modicum
1415 3925 1608 3999 villis
1677 3926 1876 3998 iu'xta
1930 3924 2161 4002 Rheni
2220 3924 2499 4000 fluenta

337 4024 752 4098 constitutis
818 4023 1169 4095 damnum
1235 4023 1558 4120 intulit,“
1626 4023 1762 4094 hoc
1824 4045 1967 4095 non
2033 4023 2504 4120 Seliqenstadi

334 4126 590 4218 fuisse,
661 4130 999 4196 constans
1063 4122 1150 4195 de
1204 4124 1592 4197 Germania
1662 4124 1871 4217 quasi
1933 4130 2137 4197 trans
2185 4125 2502 4198 Rhenum
