3027 4904
1152 388 1229 460 A.
1284 382 1700 460 769—772.
2429 385 2521 460 13

347 569 720 668 ficiscitur,
772 579 1216 667 peractoque
1267 580 1571 667 propter
1622 567 1819 665 quod
1869 568 1996 641 illo
2042 541 2374 666 profecta
2403 582 2519 645 est

346 672 687 768 negotiu,
755 670 1078 742 adoratis
1132 668 1356 741 etiam
1410 671 1689 740 Romae
1753 680 2172 741 sanctolum
2225 683 2519 784 aposto-

347 773 590 843 lorum
661 769 1072 865 liminibuS,
1153 768 1245 840 ad
1315 767 1510 839 filios
1576 769 1649 839 in
1717 768 2032 840 Galliam
2097 771 2512 845 revertitur.

344 871 613 944 Karlus
667 881 912 942 autem
963 892 1095 940 lex
1146 868 1468 940 natalem
1512 866 1803 939 Domini
1842 868 2310 966 Mogontiaci,
2351 895 2517 944 san-

347 980 695 1066 ctumque
746 970 1024 1068 pascha
1073 968 1148 1039 in
1201 967 1384 1038 villa
1428 963 1897 1039 Haristallio1
1951 924 2366 1044 celebravit.
2445 1028 2450 1031 .

494 1071 662 1143 771.
742 1070 1044 1141 Peracto
1123 1066 1530 1139 secundum
1591 1090 1880 1139 morem
1945 1069 2275 1162 generali
2347 1093 2517 1142 con-

345 1180 569 1242 ventu
624 1193 847 1266 super
877 1166 1186 1241 fluvium
1221 1166 1592 1239 Scaldiam
1645 1167 1717 1239 in
1769 1167 1942 1238 villa
1982 1166 2515 1264 Valentianas²7

345 1294 477 1343 rex
507 1269 775 1341 Karlus
815 1269 906 1340 ad
945 1266 1421 1339 hiemandum
1453 1263 1963 1362 proficiscitur.
2055 1267 2382 1365 Cumque
2419 1268 2517 1341 ibi

348 1367 794 1465 aliquamdiu
867 1378 1324 1462 moraretur,
1394 1365 1939 1438 Karlomannus
2008 1366 2238 1441 frater
2311 1394 2374 1442 a.
2447 1369 2514 1440 d.

347 1471 414 1542 2.
469 1471 717 1541 Nonas
768 1465 1196 1540 Decembris
1250 1466 1569 1538 decessit
1621 1467 1694 1537 in
1764 1466 1939 1538 villa
1994 1466 2515 1542 Salmontiaco.

344 1568 437 1640 Et
499 1593 628 1640 rex
682 1568 773 1638 ad
827 1567 1262 1664 capiendum
1335 1588 1424 1636 ex
1476 1564 1766 1660 integro
1820 1589 2135 1659 regnum
2188 1569 2519 1640 animum

345 1667 771 1762 intendem,
837 1667 1345 1741 Corbonacum
1411 1665 1664 1736 villam
1716 1665 1936 1738 venit.
2065 1665 2171 1737 Ibi
2241 1668 2516 1741 wilha-

346 1766 537 1839 rium
592 1768 1021 1865 episcopum
1083 1765 1596 1839 Sedunensem
1656 1776 1729 1838 et
1779 1766 2184 1838 Folradumf
2237 1767 2518 1865 presbi-

346 1879 590 1939 terum
661 1879 736 1940 et
806 1867 989 1939 alios
1061 1867 1310 1962 plures
1363 1865 1831 1960 sacerdotes,
1914 1867 2219 1939 comites
2297 1868 2517 1940 etiam

347 1974 563 2062 atque
616 1965 972 2064 primates
1003 1965 1251 2037 fratris
1305 1965 1443 2060 sui,
1498 1964 1689 2038 inter
1742 1989 1926 2061 quo-s
1981 1967 2098 2038 vel
2146 1967 2518 2064 praecipui

348 2068 557 2138 fuere
591 2066 934 2138 Warinus
990 2073 1063 2135 et
1094 2064 1583 2157 Adalhardus,
1640 2065 1732 2136 ad
1786 2088 1868 2136 se
1921 2065 2315 2139 venientes
2359 2091 2519 2139 sus-

347 2167 572 2277 cepit.
679 2165 867 2236 Nam
919 2188 1102 2236 uxor
1155 2162 1312 2235 eius
1379 2174 1454 2235 et
1505 2163 1636 2234 filii
1690 2187 1858 2235 cum
1926 2175 2137 2260 parte
2208 2167 2519 2263 optima-

345 2277 502 2337 tum
554 2264 627 2335 in
661 2263 950 2337 Italiam
1001 2263 1316 2375 profecti
1369 2275 1561 2336 sunt.
1640 2263 1792 2334 Rex
1825 2274 2074 2336 autem
2128 2267 2522 2362 profectio·

345 2387 520 2436 nem
575 2389 829 2436 eorum
902 2364 974 2434 in
1030 2361 1318 2435 ltaliam
1373 2363 1579 2460 quasi
1647 2385 2183 2459 supervacuam
2238 2365 2519 2461 patien-

346 2475 463 2536 ter
513 2463 700 2537 tulit.
817 2462 1380 2559 celebravitque
1434 2462 1759 2534 natalem
1808 2464 2100 2535 Domini
2156 2464 2517 2536 Attiniaco

347 2574 422 2634 et
473 2562 744 2660 pascha
796 2562 1243 2633 Haristallio.

498 2661 664 2733 772.
737 2661 1015 2733 Romae
1085 2659 1489 2774 Stephano
1520 2685 1709 2758 papa
1761 2661 2145 2759 defuncto
2214 2664 2521 2737 Hadria-

346 2786 484 2834 nus
539 2761 613 2833 in
645 2760 1071 2859 pontificatu
1110 2761 1485 2833 successit.
1568 2762 1721 2834 Rex
1770 2786 1951 2834 vero
2003 2762 2294 2862 Karlus,
2350 2790 2519 2838 con-

346 2873 656 2957 gregato
693 2861 884 2959 apud
928 2860 1425 2933 Wormaciam
1458 2862 1788 2957 generali
1842 2876 2232 2961 conventu,
2291 2866 2519 2938 Saxo-

346 2964 546 3033 niam
597 2959 792 3034 bello
849 2960 1153 3056 adgredi
1206 2962 1499 3055 statuit
1580 2985 1891 3057 eamque
1943 2962 2100 3035 sine
2154 2987 2361 3038 mora
2414 2966 2519 3037 in-

348 3084 692 3155 gressus.,
762 3062 959 3132 ferro
1029 3072 1104 3133 et
1155 3059 1308 3155 igni
1359 3072 1619 3134 cuncta
1674 3062 2204 3160 depopulatus,
2257 3065 2520 3137 Aeres-

348 3156 711 3255 burgum3
766 3172 1090 3232 castrum
1145 3160 1426 3256 coepit,
1496 3160 1776 3232 idolum
1827 3162 2024 3272 quod
2078 3161 2425 3235 Irminsul
2478 3187 2520 3235 a

348 3258 762 3332 Saxonibus
813 3257 1214 3331 vocabatur
1266 3258 1551 3331 evertit.
1631 3259 1713 3331 In
1766 3259 1968 3331 cuius
2025 3258 2520 3336 destructione

347 3384 515 3431 cum
590 3358 664 3431 in
720 3358 982 3431 eodem
1052 3359 1211 3430 loco
1267 3382 1401 3472 per
1454 3357 1778 3431 triduum
1830 3372 2290 3457 moraretur
2349 3387 2519 3436 con-

348 3458 517 3551 tigit
582 3470 665 3530 ut
730 3469 1036 3556 propter
1107 3460 1529 3532 continuam
1603 3458 1786 3531 caeli
1840 3460 2316 3535 serenitatem
2397 3487 2517 3535 ex-

349 3556 636 3627 siccatis
691 3558 1029 3631 omnibus
1081 3558 1277 3631 illius
1331 3558 1470 3631 loci
1523 3558 1697 3632 rivis
1751 3584 1837 3632 ac
1889 3560 2255 3657 fontibus,
2332 3586 2519 3657 aqua

350 3655 442 3726 ad
498 3653 896 3727 bibendum
946 3658 1254 3730 inveniri
1308 3683 1455 3730 non
1508 3671 1783 3755 posset.
1902 3659 2052 3732 Sed
2103 3686 2198 3733 ne
2250 3660 2520 3734 diutius

349 3754 467 3829 siti
523 3754 901 3828 confectus
955 3754 1325 3829 laboraret
1377 3758 1781 3853 exercitus,
1839 3758 2186 3831 divinitus
2240 3759 2516 3833 factum

350 3853 704 3951 creditur,
775 3865 855 3967 ut
908 3856 1223 3952 quadam
1279 3856 1463 3954 die,
1504 3882 1673 3930 cum
1738 3858 1935 3931 iuxta
1991 3865 2277 3931 morem
2330 3869 2519 3934 tem-

350 4032 618 4079 conventu
668 4025 858 4079 Karoli
911 4026 1006 4079 sed
1043 4026 1396 4083 Karlomanni
1452 4045 1576 4083 cum
1633 4035 1803 4081 matre
1856 4026 1911 4080 in
1948 4025 2171 4088 Italiam
2213 4009 2521 4100 profectura

349 4098 539 4165 agitur.
653 4096 700 4167 1)
737 4097 876 4152 infra
914 4095 1178 4153 Leodium
1217 4100 1378 4154 situm
1418 4110 1516 4156 est.
1628 4096 1681 4168 2)
1716 4096 2128 4157 Valencieuues.
2236 4102 2289 4175 3)
2328 4100 2521 4158 Stadi-

348 4167 481 4238 berg
516 4171 584 4223 ad
619 4169 923 4226 Tiniellam.
1809 4207 1812 4210 >
