3027 4904
297 1120 674 1235 Annales
743 1165 1242 1236 Laurissenses
1323 1171 1386 1233 et
1462 1162 1817 1233 Einhardi
1894 1170 2103 1234 tanta
2180 1167 2472 1236 invicem

299 1283 651 1370 affinitate
698 1282 1256 1376 coniunquntur,
1312 1286 1393 1350 ut
1441 1279 1528 1349 de
1566 1281 1878 1373 utrisque
1930 1280 2318 1374 disquisitio
2365 1305 2471 1353 se-

291 1382 557 1475 parari
623 1386 943 1474 nequeat.
1073 1380 1356 1473 Utrique
1424 1379 1518 1448 ab
1585 1401 1776 1450 anno
1833 1380 1973 1450 741
2049 1379 2153 1450 ad
2203 1403 2471 1452 annum

298 1502 517 1574 usque
581 1479 728 1553 829
792 1480 1233 1573 pertinqunt,
1307 1483 1518 1570 atque
1572 1477 1858 1548 easdem
1909 1480 2059 1563 fere
2111 1502 2262 1575 res,
2314 1503 2469 1551 sen-

297 1582 681 1650 tentiarum
734 1577 983 1649 ordine
1034 1601 1177 1648 non
1228 1575 1525 1647 multum
1577 1576 1880 1671 divers0,
1936 1584 2001 1647 et
2052 1581 2325 1649 maiore
2362 1582 2472 1651 sui

290 1684 522 1772 parte,
577 1676 837 1748 scilicet
877 1676 1038 1748 inde
1094 1676 1185 1747 ab
1239 1675 1481 1746 ultimo
1526 1677 1765 1746 octavi
1790 1676 2059 1747 saeculi
2111 1677 2467 1771 decennio,
2508 1750 2524 1763 ,

298 1777 573 1848 iisdem-
623 1775 840 1868 plane
920 1776 1150 1847 verbis
1217 1773 1707 1868 (paucissimis
1775 1780 2053 1846 tantum
2128 1779 2467 1870 exceptis)

299 1881 690 1966 enarrant,-
742 1877 845 1946 ita
897 1881 976 1945 ut
1025 1874 1132 1945 vel
1182 1874 1446 1945 alteros
1498 1897 1586 1944 ea:
1638 1873 1914 1968 alteris,
1979 1874 2087 1945 vel
2134 1882 2469 1971 utrosque

300 1999 386 2050 esc
437 1976 791 2046 communi
837 1976 1031 2059 fonte
1086 1971 1518 2044 derivandos
1554 1995 1736 2043 esse
1782 1979 2052 2065 pateat.
2156 1973 2468 2048 Annales

297 2075 836 2165 Laurissenses,
893 2075 1011 2167 qui
1054 2074 1365 2165 primum
1418 2095 1465 2140 a
1504 2072 1813 2167 CanisiO,
1869 2071 2118 2143 deinde
2171 2097 2218 2144 a
2261 2074 2465 2147 Ches-

297 2176 416 2244 nio
481 2179 545 2243 et
615 2173 981 2266 Bouqueto
1053 2171 1251 2264 editi,
1324 2170 1461 2241 huc
1528 2193 1746 2265 usque
1809 2172 1938 2241 sub
2005 2173 2465 2268 plebeiorum

297 2272 412 2343 vel
466 2271 1043 2344 Loiselianorum
1105 2269 1578 2364 appellatione
1629 2269 1996 2363 venibant,
2051 2294 2132 2343 eo
2186 2276 2466 2344 nomine

298 2371 756 2464 donavimus,
811 2369 1003 2465 quod
1044 2372 1356 2463 primam
1393 2370 1629 2462 operis
1680 2371 2024 2464 oriqinem
2076 2370 2180 2441 ad
2212 2396 2463 2464 mon-a·

295 2473 585 2543 sterium
638 2470 1248 2542 Laureshamense
1300 2467 1753 2555 referendam
1804 2492 1987 2562 esse,
2041 2492 2186 2540 non
2235 2472 2466 2543 solum

298 2572 446 2642 eius
497 2593 656 2641 cum
709 2568 1090 2640 annalibus
1140 2567 1722 2640 Laurissensibus
1785 2566 2176 2640 minoribus
2231 2572 2463 2657 affini-

298 2676 451 2761 tas,
505 2668 636 2740 sed
683 2674 754 2738 et
799 2668 991 2763 quod
1040 2669 1606 2762 antiquissimum
1645 2669 1792 2737 eius
1843 2667 2206 2759 exemplar
2255 2672 2328 2739 in
2380 2694 2461 2741 eo

296 2768 729 2840 monasterio
802 2773 1155 2861 repertum
1217 2769 1344 2860 sit,
1417 2766 1611 2837 clare
1665 2765 2010 2837 ostendat.
2089 2768 2466 2840 Habentur

296 2870 369 2939 in
403 2870 555 2961 ipso
589 2889 808 2961 usque
849 2868 950 2939 ad
991 2889 1257 2937 annum
1292 2865 1460 2960 788,
1509 2888 1709 2959 quem
1735 2867 2049 2958 primum
2093 2873 2460 2940 auctorem

204 3002 210 3008 ·
296 2990 438 3038 non
509 2966 885 3037 excessisse
938 2989 1019 3036 eo
1065 2972 1405 3059 apparet,
1478 2964 1673 3058 quod
1723 2964 1981 3058 duplex
2029 2965 2191 3037 inde
2241 2971 2462 3039 conti·

298 3068 572 3155 nuatio,
628 3064 860 3143 altera
913 3088 1128 3159 quam
1174 3071 1244 3135 et
1289 3067 1361 3134 in
1406 3062 1788 3142 annalibus
1834 3064 2460 3137 Laureshamensi-

296 3165 426 3236 bus
464 3162 692 3259 (Mon.
738 3163 967 3233 Germ.
1010 3163 1067 3255 I,
1095 3188 1168 3255 p.
1213 3163 1331 3237 34.
1376 3162 1529 3251 35.)
1564 3161 2072 3255 deprehendas,
2130 3163 2222 3234 ab
2269 3188 2459 3237 anno

297 3263 689 3339 789--793
745 3264 818 3332 in
870 3262 1112 3333 codice
1163 3259 1778 3353 Laureshamensi,
1834 3260 2066 3332 altera
2120 3262 2211 3333 ab
2267 3287 2459 3337 anno

297 3361 443 3437 788
475 3362 578 3433 ad
605 3386 670 3434 a.
699 3362 848 3436 829
900 3363 973 3433 in
1024 3360 1307 3455 reliquis
1355 3359 1730 3432 succedat:
1822 3359 2190 3456 Utriusque
2224 3366 2461 3455 partis

296 3463 485 3531 ratio
536 3460 742 3532 valde
794 3462 1120 3550 diversa5
1173 3483 1346 3531 nam
1398 3482 1615 3554 quum
1659 3460 1890 3552 priori
1931 3460 2153 3552 stylus
2187 3449 2456 3534 incom-

288 3561 564 3652 positus
615 3566 680 3630 et
729 3560 928 3633 rudis
980 3567 1189 3654 atque
1240 3558 1594 3631 scribendi
1645 3582 1772 3630 ars
1816 3560 2036 3653 plane
2086 3560 2283 3633 nulla
2314 3563 2457 3655 ple-

298 3658 611 3729 beiorum
632 3657 794 3728 olim
812 3660 921 3729 vel
939 3661 1363 3730 rusticorum
1387 3658 1757 3729 annalium
1774 3681 2030 3730 nomen
2036 3664 2455 3756 pepererint,

299 3763 365 3828 et
407 3757 725 3827 veritatis
765 3757 1111 3852 studium,
1165 3759 1237 3829 in
1290 3759 1500 3829 rebus
1550 3758 1805 3850 saltem
1857 3757 2237 3830 Saxonicis
2278 3764 2458 3833 satis

292 3863 713 3949 suspectum,
766 3855 967 3927 haud
997 3858 1351 3952 inteqram
1385 3859 1447 3928 ei
1480 3857 1680 3951 apud
1716 3859 1909 3929 viros
1960 3857 2210 3929 doctos
2244 3859 2455 3946 fidem

294 3955 805 4048 conciliaverit,
894 3955 1126 4027 altera
1199 3964 1494 4029 econtra
1575 3956 1820 4029 eodem
1896 3979 2033 4050 quo
2104 3956 2457 4044 Einhardi

297 4055 622 4126 annales
648 4054 828 4147 stylo
883 4054 1264 4149 eademque
1318 4058 1643 4149 opinione
1691 4054 2150 4128 nobilitatur.-
2204 4081 2452 4152 quam-

293 4155 395 4224 vis
459 4161 525 4225 et
568 4157 833 4247 prioris
886 4159 1283 4247 auctorem,
1353 4157 1415 4226 si
1477 4178 1620 4226 non
1673 4156 2031 4250 omnibus,
2085 4156 2295 4229 rebus
2344 4164 2453 4230 ta-

1822 4273 1860 4316 *
