3027 4904
1264 338 1344 408 A.
1398 294 1567 408 821.
2408 336 2499 410 81

336 517 596 614 quibus
667 518 807 589 hoc
871 526 1315 589 tractaverat
1379 516 1838 614 suspicante,
1920 527 2230 590 nanctus
2298 541 2504 591 occa-

336 618 624 711 sionem
671 618 861 688 clam
900 615 1300 711 navigavit,
1351 617 1802 711 veniensque
1833 614 2172 688 Iaderam
2211 616 2505 689 Dalma-

240 754 248 761 ·
336 716 491 788 ciae
545 715 952 811 civitatem,
1017 714 1323 786 Iohanni
1391 717 1768 811 praefecto
1834 715 2256 812 provinciae
2309 717 2506 789 illius

336 816 559 910 fugae
626 838 803 887 suae
872 837 1133 886 causas
1198 813 1523 910 aperuit,
1600 813 1723 910 qui
1790 836 1961 886 eum
2031 813 2283 886 statim
2335 816 2504 888 navi

334 913 759 1010 impositum
826 913 1538 1009 Constantinopolim
1604 912 1820 986 misit.
1950 912 2194 984 Medio
2248 936 2506 988 mense

337 1012 684 1086 Octobrio
721 1021 1126 1085 conventus
1155 1012 1525 1107 generalis
1566 1013 1761 1110 apud
1798 1011 2217 1085 Theodonis
2253 1012 2507 1085 villam

336 1136 605 1208 magna
658 1111 907 1208 populi
958 1111 1409 1183 Francorum
1462 1112 1876 1209 frequentia
1928 1110 2378 1208 celebratur,
2432 1110 2507 1183 in

335 1236 479 1308 quo
558 1211 875 1282 domnus
927 1211 1392 1305 Hlotharius,
1461 1210 2000 1305 primogenitus
2069 1210 2319 1283 domni
2373 1213 2506 1282 im-

335 1308 699 1407 peratoris
750 1308 1171 1403 Hludovici,
1243 1308 1828 1405 Irmingardam,
1895 1308 2231 1404 Hugonis
2284 1310 2506 1381 comi·

336 1408 433 1481 tis
484 1407 739 1504 filiam,
794 1407 1105 1480 solemni
1141 1431 1348 1479 more
1383 1408 1590 1479 duxit
1642 1431 1967 1481 uxorem.
2044 1407 2235 1479 Illuc
2281 1408 2510 1483 etiam

339 1507 567 1602 legati
624 1518 921 1581 sanctae
973 1507 1351 1578 Romanae
1406 1508 1806 1598 ecclesiae,
1877 1507 2310 1580 Theodorus
2362 1509 2508 1605 pri-

336 1605 681 1679 micerius
735 1630 820 1679 ac
869 1607 1130 1678 Florus
1184 1604 1548 1702 superista
1568 1603 1621 1702 1,
1675 1629 1843 1677 cum
1891 1605 2184 1700 magnis
2236 1629 2509 1680 venere

335 1706 788 1778 muneribus.
904 1706 1317 1778 Adfuerunt
1386 1716 1462 1778 et
1527 1704 1835 1777 comites
1894 1704 1967 1776 in
2021 1705 2287 1776 eodem
2338 1729 2509 1778 con-

335 1814 560 1877 ventu
635 1805 783 1877 iam
837 1803 929 1875 de
981 1803 1355 1876 Pannonia
1406 1804 1769 1900 regressi,
1839 1803 2003 1899 qui,
2059 1803 2506 1901 depopulata

338 1903 804 1976 desertorum
880 1914 954 1975 et
1030 1902 1431 1976 Liudewito
1527 1902 2082 1975 adhaerentium
2164 1903 2508 1977 universa

335 2002 679 2097 regione,
734 2026 903 2074 cum
955 2002 1201 2075 nullus
1254 2003 1361 2074 eis
1415 2002 1706 2098 copiam
1753 2001 2129 2099 pugnandi
2181 2001 2506 2100 fecisset,

340 2100 643 2172 domum
694 2100 1018 2196 regressi
1071 2111 1262 2174 sunt.
1339 2100 1667 2172 Eminuit
1714 2100 1789 2171 in
1843 2101 1983 2172 hoc
2030 2101 2298 2197 placito
2335 2103 2508 2199 piis-

337 2199 504 2271 simi
597 2198 1065 2296 imperatoris
1157 2199 1662 2272 misericordia
1754 2197 2193 2295 singularis,
2286 2224 2506 2296 quam

337 2298 660 2371 ostendit
713 2323 936 2396 super
989 2321 1144 2394 eos,
1197 2298 1320 2395 qui
1374 2321 1543 2370 cum
1573 2298 2001 2370 Bernhardo
2043 2309 2316 2395 nepote
2371 2324 2505 2373 suo

336 2396 411 2469 in
463 2398 670 2471 Italia
723 2410 977 2473 contra
1028 2408 1245 2494 caput
1298 2421 1384 2469 ac
1434 2420 1746 2492 regnum
1810 2420 2026 2470 suum
2078 2397 2505 2472 coniurave-

338 2508 539 2591 runt,
596 2496 858 2594 quibus
911 2497 1010 2568 ibi
1064 2496 1156 2567 ad
1207 2496 1709 2592 praesentiam
1756 2496 2004 2569 venire
2058 2495 2303 2593 iussiS,
2359 2522 2504 2571 non

338 2597 581 2667 solum
649 2596 891 2668 vitam.
949 2604 1026 2666 et
1087 2595 1425 2667 membra
1493 2596 1896 2693 concessit,
1968 2618 2224 2667 verum
2279 2597 2503 2669 etiam

339 2694 847 2791 possessiones
882 2692 1148 2766 iudicio
1181 2695 1369 2789 legis
1420 2693 1495 2765 in
1549 2693 1813 2768 fiscum
1865 2695 2200 2769 redactas
2234 2719 2504 2792 magna

336 2793 778 2868 liberalitate
830 2793 1168 2867 restituit.
1246 2793 1744 2867 Adalhardum
1799 2818 2088 2891 quoque
2142 2795 2234 2867 de
2284 2797 2506 2893 Aqui-

336 2893 575 2987 tania,
656 2892 779 2964 ubi
843 2892 1218 2988 exulabat,
1305 2906 1741 2989 evocatum,
1821 2893 2175 2968 Corbeiae
2253 2920 2505 2969 mona·

337 2991 600 3084 sterio,
667 3002 747 3064 ut
800 2991 1000 3087 prius
1053 2993 1334 3086 fuerat,
1387 2992 1732 3067 abbatem
1784 3017 1871 3065 ac
1920 3005 2287 3067 rectorem
2340 3018 2507 3068 esse

336 3090 586 3183 iussit,
655 3114 824 3161 cum
894 3115 1034 3185 quo
1092 3100 1166 3162 et
1214 3090 1740 3185 Bernharium,
1808 3093 2114 3163 fratrem
2182 3092 2340 3164 eius
2393 3116 2505 3164 re·

339 3189 805 3261 conciliatum
860 3187 1101 3259 eidem
1154 3190 1602 3262 monasterio
1654 3189 2007 3283 reddidit,
2085 3190 2504 3288 completis·

339 3312 481 3383 que
552 3289 669 3362 his
739 3311 929 3385 quae
983 3287 1075 3360 ob
1130 3286 1340 3382 regni
1394 3288 1789 3362 utilitatem
1841 3287 2357 3382 inchoaverat,
2431 3303 2505 3364 et

339 3400 799 3462 sacramento
870 3386 1065 3484 quod
1130 3386 1326 3483 apud
1378 3388 2141 3486 Noviomagumpars
2194 3389 2503 3487 optima·

337 3494 497 3556 tum
549 3486 917 3560 iuraverat
950 3486 1399 3583 generaliter
1443 3489 1980 3582 consummato,
2031 3488 2191 3586 ipse
2225 3490 2504 3588 Aquas-

340 3583 549 3679 grani
629 3586 1063 3679 revertitur,
1157 3584 1391 3656 filium
1469 3599 1717 3660 autem
1796 3587 2259 3660 Hlotharium
2334 3598 2505 3684 post

337 3682 630 3779 nuptias
664 3685 805 3756 ritu
834 3682 1147 3755 solemni
1201 3684 1610 3759 celebratas
1656 3686 1748 3757 ad
1781 3685 2256 3759 biemandum
2295 3686 2500 3759 Wor-

337 3781 650 3853 maciam
721 3782 940 3855 misit.
1068 3780 1174 3852 De
1241 3794 1449 3878 parte
1517 3784 1891 3858 Danorum
1959 3784 2204 3857 omnia
2259 3785 2501 3880 quieta

336 3905 426 3954 eo
482 3905 671 3953 anno
726 3883 1064 3975 fuerunt,
1119 3892 1193 3953 et
1243 3881 1638 3958 Harioldus
1692 3909 1735 3957 a
1786 3883 1958 3955 filiis
1998 3884 2375 3957 Godofridi
2429 3885 2502 3957 in

340 4045 387 4114 1)
425 4039 697 4174 supetrista*
743 4041 962 4122 proprie
1013 4046 1287 4113 aedituus;
1343 4049 1483 4103 inter
1530 4050 1839 4120 pontificiae
1890 4052 2045 4107 aulae
2083 4052 2261 4106 officia
2300 4054 2502 4124 pluries

335 4133 544 4173 occurri
572 4161 585 4175 .
