3027 4904
1112 393 1194 465 A.
1250 390 1663 466 772-774.
2375 391 2478 465 15

302 598 558 649 secum
598 574 1004 646 adduxerat
1032 571 1320 668 divisit,
1362 583 1437 645 et
1468 597 1692 646 unam
1729 582 2019 671 partem
2051 596 2221 646 cum
2250 573 2476 645 Bern-

301 676 536 750 hardo
607 686 869 787 patruo
941 699 1075 747 suo
1146 697 1280 771 per
1351 685 1685 746 montem
1749 671 1989 746 lovis1
2065 674 2173 745 ire
2226 673 2478 768 iussit3

303 777 617 849 alteram
669 774 828 873 ipse
884 774 1185 865 ducenS,
1238 795 1372 870 per
1423 786 1755 846 montem
1791 772 2146 847 Cinisium
2191 775 2479 848 Italiam

301 877 578 948 intrare
631 875 1026 947 contendit.
1133 871 1642 970 Superatoque
1669 874 1964 972 Alpium
2017 874 2216 969 iug0,
2270 873 2490 948 nesi.»

303 976 596 1048 derium
649 998 907 1070 regem
960 976 1233 1046 frustra
1287 972 1425 1045 sibi
1458 975 1806 1047 resistere
1850 983 2243 1046 conantem
2297 974 2479 1048 citra

302 1074 910 1171 congressionem
961 1073 1282 1169 fugavit,
1339 1072 1801 1171 Ticenoque²
1851 1074 2212 1146 inclusum
2268 1072 2479 1147 obse-

304 1176 434 1270 dit,
488 1186 564 1248 et
616 1174 688 1246 in
728 1172 1274 1271 obpugnatione
1330 1175 1667 1270 civitatiS,
1724 1173 1892 1270 quia
1931 1172 2253 1246 difficilis
2297 1185 2478 1268 erat,

303 1286 544 1348 totum
607 1272 899 1346 hiberni
974 1272 1332 1371 temporis
1397 1274 1729 1371 spacium
1806 1274 2037 1345 multa
2101 1272 2477 1346 moliendo

303 1373 781 1472 consumpsit.

454 1475 622 1548 774.
701 1474 893 1545 Dum
968 1474 1153 1546 haec
1239 1471 1314 1544 in
1393 1472 1602 1545 Italia
1672 1484 2068 1568 geruntur,
2147 1471 2479 1545 Saxones

303 1575 509 1647 velut
560 1584 1137 1671 peropoitunam
1192 1571 1283 1644 de
1338 1571 1671 1645 absentia
1724 1571 1923 1667 regis
1976 1573 2216 1645 nancti
2272 1595 2479 1644 occa-

304 1674 631 1768 sionem,
688 1675 1071 1767 contiguos
1124 1669 1262 1743 sibi
1300 1672 1711 1744 Hassorum
1761 1672 2121 1745 terminos
2176 1673 2373 1743 feiro
2408 1683 2481 1745 et

303 1774 458 1869 igni
537 1774 1007 1871 populantur.
1150 1772 1479 1883 Cumque
1557 1771 1630 1843 in
1705 1794 1793 1843 eo
1862 1772 2025 1843 loco
2092 1771 2214 1869 qui
2284 1796 2481 1844 nunc

303 1870 713 1946 Frideslar³
766 1873 856 1944 ab
909 1869 1170 1944 incolis
1224 1871 1680 1964 nominatur,
1735 1870 2113 1943 basilicam
2168 1896 2210 1943 a
2264 1871 2480 1945 beato

303 1972 668 2046 Bonifatio
736 1970 1041 2045 martire
1094 1971 1508 2045 dedicatam
1562 1971 1955 2043 incendere
2021 1971 2481 2067 molirentur,

306 2085 524 2169 atque
579 2074 719 2144 hoc
759 2072 1057 2144 efficere
1110 2095 1318 2143 casso
1364 2071 1618 2142 labore
1648 2082 2114 2165 conarentur,
2170 2071 2479 2145 inmisso

308 2172 447 2245 sibi
503 2171 847 2243 divinitus
898 2193 1173 2268 pavore
1228 2169 1653 2266 subitaneo,
1725 2169 1923 2268 turpi
1989 2171 2480 2268 trepidatione

308 2272 632 2368 confusi,
721 2272 1026 2344 domum
1115 2271 1466 2366 fugiendo
1548 2282 2030 2343 revertuntur.
2162 2273 2258 2344 At
2325 2296 2479 2366 rex,

309 2372 612 2445 dimisso
649 2372 739 2443 ad
793 2370 1252 2444 obsidionem
1305 2381 1525 2467 atque
1580 2370 2200 2467 expugnationem
2231 2371 2480 2443 Ticeni

309 2472 677 2565 exercitu,
755 2470 1009 2541 orandi
1081 2470 1322 2565 gratia
1381 2472 1695 2542 Romam
1760 2467 2267 2567 proficiscitur.
2379 2471 2482 2542 Et

310 2593 515 2665 cum,
567 2569 884 2666 peractis
936 2568 1169 2664 votiS,
1223 2568 1394 2639 inde
1450 2567 1543 2638 ad
1599 2568 1998 2641 exercitum
2051 2568 2314 2642 fuisset
2364 2593 2480 2642 re·

306 2694 594 2765 versuS,
650 2667 1034 2763 fatigatam
1087 2670 1307 2762 longa
1360 2665 1740 2741 obsidione
1794 2667 2163 2741 civitatem
2216 2669 2309 2740 ad
2359 2669 2483 2743 de-

310 2768 660 2842 ditionem
692 2767 1077 2881 compulit,
1131 2791 1351 2865 quam
1391 2778 1729 2841 caeterae
1770 2769 2104 2842 civitates
2158 2781 2480 2868 secutae,

311 2893 567 2943 omnes
641 2891 722 2940 se
791 2869 990 2964 legis
1060 2893 1145 2941 ac
1211 2869 1659 2941 Francorum
1727 2868 2074 2966 potestati
2140 2869 2482 2942 subdide-

309 2981 500 3042 runt.
631 2969 723 3041 Et
788 2991 955 3063 rex,
1027 2968 1329 3041 subacta
1400 2981 1474 3041 et
1541 2993 1675 3066 pro
1745 2981 2080 3067 tempore
2146 2957 2482 3044 ordinata

308 3068 560 3162 Italia,
638 3067 710 3138 in
791 3067 1173 3140 Franciam
1240 3069 1670 3164 levertitur,
1757 3069 2128 3165 captivum
2204 3068 2481 3141 ducens

308 3165 776 3240 Desiderium
840 3190 1117 3260 regem.
1248 3170 1435 3239 Nam
1497 3167 1802 3279 Adalgis
1875 3165 2069 3238 filius
2140 3166 2339 3263 eiuS,
2407 3170 2479 3240 in

310 3294 451 3365 quo
520 3264 991 3361 Langobardi
1057 3266 1374 3338 multum
1442 3266 1600 3361 spei
1670 3264 1943 3337 habere
2020 3265 2483 3364 videbantur,

312 3367 741 3465 dissperatis
794 3365 1074 3463 patriae
1127 3364 1374 3459 rebus,
1428 3365 1682 3438 relicta
1709 3365 1919 3438 Italia
1971 3365 2043 3437 in
2099 3366 2483 3440 Graeciam

313 3466 404 3535 ad
475 3466 1033 3538 Constantinum
1097 3466 1625 3564 imperatorem
1689 3488 1770 3537 se
1824 3466 2173 3558 contulit,
2238 3465 2481 3564 ibique

311 3563 385 3635 in
439 3564 856 3660 patritiatus
905 3566 1160 3639 ordine
1213 3578 1431 3664 atque
1485 3567 1767 3638 honore
1821 3567 2226 3640 consenuit.
2329 3568 2484 3639 Rex

311 3675 562 3737 autem
612 3662 915 3734 domum
966 3690 1391 3760 regressus,
1445 3666 1871 3777 priusquam
1925 3689 2094 3738 eum
2152 3666 2483 3739 Saxones

309 3762 605 3837 venisse
677 3762 1075 3855 sentirent,
1147 3763 1591 3876 tripertitum
1663 3765 1735 3836 in
1814 3788 2072 3837 eorum
2130 3762 2484 3859 regiones

309 3863 512 3938 misit
539 3862 965 3959 exercitum,
1003 3863 1125 3961 qui
1148 3862 1503 3939 incendiis
1533 3890 1619 3937 ac
1652 3862 2188 3962 direptionibus
2223 3878 2486 3940 cuncta

311 3965 738 4060 devastanS,
813 3963 1311 4063 compluribus
1365 3966 1588 4039 etiam
1643 3964 2056 4060 Saxonum,
2127 3965 2250 4063 qui
2303 3966 2483 4040 resi-

311 4113 363 4257 :133
400 4133 637 4241 ἷῗιιιιῖηιιιιε
674 4113 981 4180 Penninus,
1037 4117 1198 4170 modo
1247 4134 1402 4172 mons
1440 4115 1498 4178 S,
1537 4114 1837 4170 Bernhardi
1875 4117 2064 4172 maior.
2209 4117 2262 4189 2)
2299 4116 2484 4174 Pavia.

447 4205 491 4240 ri
516 4205 543 4240 z
566 4206 642 4241 ar.
