3027 4904
1110 360 1193 430 A.
1248 356 1664 431 792-794.
2370 358 2466 433 37

287 561 452 610 rum
520 538 711 612 alter
776 536 1146 632 Danubio,
1218 541 1405 613 alter
1457 541 1723 612 Moeno
1779 538 2157 635 miscetur,
2209 541 2462 612 confe-

287 638 460 711 stim
498 661 699 710 -cum
772 636 971 710 omni
1026 637 1379 712 comitatu
1435 639 1719 712 suo.ad
1770 639 2016 711 locum
2070 639 2307 734 venit,
2375 663 2460 712 ac

282 761 556 832 magna
634 738 1019 811 hominum
1102 737 1572 812 multitudine
1656 747 2144 833 congregata
2219 745 2460 811 totum

285 837 616 909 autumni
686 848 983 936 tempus
1054 839 1127 908 in
1195 862 1282 911 eo
1356 862 1581 935 opere
1640 837 2120 935 consumpsit.
2228 838 2458 912 Ducta

285 949 399 1009 est
451 935 693 1034 itaque
746 939 948 1010 fossa
1003 938 1196 1009 inter
1245 939 1662 1035 praedictos
1721 936 1989 1011 fluvios
2043 935 2272 1008 duum
2323 939 2458 1009 mi-

282 1036 461 1109 lium
526 1061 880 1132 passuum
947 1035 1444 1133 longitudine,
1518 1037 1907 1111 latitudine
1959 1042 2459 1110 trecentorum

281 1136 594 1234 pedum3
659 1136 794 1208 sed
857 1136 931 1207 in
994 1159 1310 1209 cassum
1414 1138 1603 1209 Nam
1669 1148 1974 1248 propter
2032 1135 2245 1230 iuges
2299 1139 2458 1232 plu-

283 1236 442 1308 vias
496 1247 572 1309 et
606 1245 921 1327 terram,
974 1258 1161 1330 quae
1210 1236 1562 1333 palustris
1616 1249 1815 1327 erat,
1868 1235 2094 1308 nimio
2139 1236 2457 1307 humore

284 1333 722 1408 naturaliter
783 1333 1172 1430 infectam,
1257 1360 1443 1448 opus
1523 1336 1719 1448 quod
1773 1334 2016 1408 fiebat
2050 1334 2460 1409 consistere

282 1459 432 1507 non
471 1432 742 1530 potuit3
796 1433 929 1507 sed
982 1444 1335 1530 quantum
1387 1434 1704 1508 interdiu
1761 1446 2005 1509 terrae
2057 1459 2099 1507 a
2155 1434 2456 1508 fossori·

284 1534 423 1607 bus
455 1535 690 1606 fuerat
742 1544 1110 1631 egestum,
1164 1545 1453 1608 tantum
1505 1533 1869 1630 noctibus,
1923 1535 2150 1605 humo
2187 1535 2458 1607 iterum

283 1634 359 1705 in
411 1634 657 1707 locum
689 1657 906 1706 suum
946 1633 1349 1727 relabente,
1403 1632 1853 1708 subsidebat.
1933 1633 2014 1705 In
2052 1634 2194 1705 hoc
2229 1642 2458 1730 opere
2527 1676 2531 1681 ’

282 1744 638 1831 occupato
706 1733 851 1807 duo
909 1734 1124 1807 valde
1177 1732 1641 1831 displicentia
1715 1733 1810 1807 de
1860 1732 2173 1806 diversis
2224 1740 2462 1805 terra-.

281 1857 448 1907 rum
524 1831 856 1930 partibus
926 1834 1169 1907 adlata
1214 1843 1453 1928 ⁴suntf3
1541 1857 1768 1905 unum
1849 1845 2008 1906 erat
2075 1832 2454 1906 Saxonum

282 1932 712 2007 omnimoda
764 1931 1120 2028 defectio,
1175 1933 1492 2005 alterum
1546 1933 1740 2029 quod
1792 1931 2180 2005 Sarraceni
2216 1931 2457 2028 Septi-¹

282 2033 608 2107 maniam
657 2032 1013 2127 ingressi,
1067 2032 1497 2129 proelioque
1553 2057 1721 2104 cum
1773 2033 1970 2105 illius
2023 2029 2280 2103 limitis
2333 2055 2454 2102 cu-

283 2130 620 2205 stodibus
675 2142 892 2227 atque
945 2129 1333 2203 comitibus
1387 2144 1769 2227 consertO,
1842 2131 2092 2203 multis
2143 2131 2456 2202 Franco-

284 2255 451 2303 rum
532 2230 981 2326 interfectis.,
1069 2229 1389 2304 victores
1467 2231 1561 2304 ad
1635 2254 1771 2305 sua
1846 2229 2171 2326 regressi
2260 2240 2454 2303 sunt.

284 2330 566 2419 Quibus
621 2330 844 2407 rebus
898 2344 1340 2424 commotuS‚
1393 2330 1468 2402 in
1496 2330 1880 2404 Franciam
1935 2353 2279 2403 reversus
2315 2339 2454 2424 est,

282 2428 828 2527 celebravitque
892 2431 1223 2503 natalem
1274 2430 1569 2504 Domini
1636 2428 1827 2528 apud
1900 2438 2237 2501 sanctum
2290 2427 2455 2501 Chi—

283 2530 564 2604 lianum
619 2529 819 2602 iuxta
870 2530 1216 2601 Moenum
1268 2527 1621 2623 fluvium,
1675 2528 1951 2626 pascha
2003 2550 2179 2600 vero
2234 2547 2459 2625 super

284 2630 602 2704 eundem
656 2627 963 2708 fluvium
1015 2628 1089 2700 in
1148 2627 1321 2701 villa
1370 2628 1981 2721 Franconovurd
2059 2626 2133 2699 in
2189 2651 2332 2723 qua
2383 2639 2458 2702 et

282 2732 760 2803 hiemaverat.

431 2828 596 2904 794.
652 2830 804 2901 Rex
858 2839 1162 2927 propter
1213 2827 1890 2904 condemnandam
1901 2826 2270 2899 haeresim
2323 2826 2454 2898 Fe-

285 2928 625 3001 licianam
678 2928 977 3002 aestatis
1042 2928 1290 3026 initio,
1369 2928 1663 3027 quando
1720 2938 1795 3001 et
1844 2927 2271 3024 generalem
2324 2950 2454 3023 po-

287 3028 439 3125 puli
493 3027 605 3100 sui
658 3040 1100 3102 conventum
1152 3028 1446 3125 habuit,
1500 3027 1890 3102 concilium
1937 3027 2452 3123 episcoporum

285 3152 378 3200 ex
421 3125 760 3200 omnibus
798 3127 1006 3221 regni
1041 3130 1152 3200 sui
1205 3127 1602 3239 provinciis
1652 3127 1728 3197 in
1785 3127 2041 3198 eadem
2079 3124 2250 3195 villa
2283 3147 2454 3196 con-

168 3249 173 3252 ’
284 3227 640 3323 glmegavit
764 3227 1178 3300 Adfuerunt
1248 3226 1491 3318 etiam
1545 3226 1619 3297 in
1701 3223 1964 3296 eadem
2033 3222 2315 3317 synodo
2385 3234 2458 3296 et

286 3327 512 3423 legati
579 3338 874 3400 sanctae
942 3327 1319 3400 Romanae
1390 3323 1783 3419 ecclesiae,
1860 3323 2455 3435 Theophylactus

288 3450 374 3497 ac
424 3425 837 3522 Stephanus
893 3425 1260 3524 episcopi,
1319 3425 1558 3498 vicem
1610 3434 1948 3498 tenentes
2000 3422 2159 3496 eius
2212 3447 2250 3494 a
2309 3445 2453 3519 quo

287 3523 497 3597 missi
566 3539 775 3623 sunt,
851 3526 1196 3599 Hadriani
1271 3549 1523 3623 papae.
1652 3524 1735 3597 In
1806 3549 1986 3622 quo
2020 3521 2326 3612 concilio
2382 3534 2457 3595 et

284 3623 618 3700 haeresis
671 3638 1077 3699 memorata
1109 3625 1596 3699 condemnata
1648 3634 1783 3719 est,
1836 3632 1911 3695 et
1962 3605 2149 3694 liber
2201 3632 2457 3693 contra

288 3749 456 3798 eam
508 3725 882 3796 communi
932 3724 1449 3838 episcoporum
1521 3722 1949 3796 auctoritate
2003 3719 2455 3831 conposituS,

287 3825 359 3898 in
455 3848 597 3920 quo
679 3848 938 3897 omnes
1014 3823 1330 3923 propriis
1407 3821 1749 3897 manibus
1841 3819 2453 3930 subscripserunt.

288 3924 631 4018 Synodus
698 3923 969 4018 etiam,
1047 3947 1236 4021 quae
1305 3934 1474 3996 ante
1527 3947 1801 4020 paucos
1855 3943 2087 3991 annos
2138 3917 2211 3990 in
2268 3921 2455 3992 Con-

290 4024 766 4121 stantinopoli
838 4022 972 4097 sub
1043 4025 1335 4096 Herena
1402 4034 1475 4095 et
1538 4019 2011 4095 Constantino
2076 4013 2227 4091 filio
2298 4020 2457 4091 eius

291 4135 766 4224 congregata,
820 4134 895 4197 et
938 4120 1026 4194 ab
1078 4122 1260 4222 ipsis
1312 4147 1458 4195 non
1511 4121 1750 4194 solum
1803 4119 2142 4219 septima„
2196 4141 2457 4192 verum
