<?xml version="1.0" encoding="UTF-8"?>
<!DOCTYPE html PUBLIC "-//W3C//DTD XHTML 1.0 Transitional//EN"
    "http://www.w3.org/TR/xhtml1/DTD/xhtml1-transitional.dtd">
<html xmlns="http://www.w3.org/1999/xhtml" xml:lang="en" lang="en">
 <head>
  <title>
</title>
<meta http-equiv="Content-Type" content="text/html;charset=utf-8" />
  <meta name='ocr-system' content='tesseract 3.04.00' />
  <meta name='ocr-capabilities' content='ocr_page ocr_carea ocr_par ocr_line ocrx_word'/>
</head>
<body>
  <div class='ocr_page' id='page_1' title='image "./annalesinusumsc00einhgoog_0017.png"; bbox 0 0 3027 4904; ppageno 0'>
   <div class='ocr_carea' id='block_1_1' title="bbox 1109 378 2482 460">
    <p class='ocr_par' dir='ltr' id='par_1_1' title="bbox 1109 378 2482 460">
     <span class='ocr_line' id='line_1_1' title="bbox 1109 378 2482 460; baseline 0.007 -9"><span class='ocrx_word' id='word_1_1' title='bbox 1109 379 1187 451; x_wconf 91' lang='lat' dir='ltr'>A.</span> <span class='ocrx_word' id='word_1_2' title='bbox 1242 378 1666 454; x_wconf 82' lang='lat'>742-749.</span> <span class='ocrx_word' id='word_1_3' title='bbox 2435 387 2482 460; x_wconf 88' lang='lat'><strong>3</strong></span> 
     </span>
    </p>
   </div>
   <div class='ocr_carea' id='block_1_2' title="bbox 311 556 2487 2052">
    <p class='ocr_par' dir='ltr' id='par_1_2' title="bbox 311 556 2484 1158">
     <span class='ocr_line' id='line_1_2' title="bbox 313 556 2483 657; baseline 0.001 -25"><span class='ocrx_word' id='word_1_4' title='bbox 313 556 447 632; x_wconf 92' lang='lat' dir='ltr'>sub</span> <span class='ocrx_word' id='word_1_5' title='bbox 502 558 984 632; x_wconf 89' lang='lat' dir='ltr'>Constantino</span> <span class='ocrx_word' id='word_1_6' title='bbox 1037 559 1487 657; x_wconf 82' lang='lat' dir='ltr'>imperatore</span> <span class='ocrx_word' id='word_1_7' title='bbox 1541 564 1736 634; x_wconf 86' lang='lat' dir='ltr'>facta</span> <span class='ocrx_word' id='word_1_8' title='bbox 1790 572 1942 657; x_wconf 73' lang='lat' dir='ltr'>est⁷</span> <span class='ocrx_word' id='word_1_9' title='bbox 1999 572 2298 638; x_wconf 90' lang='lat' dir='ltr'>sanctus</span> <span class='ocrx_word' id='word_1_10' title='bbox 2342 563 2483 637; x_wconf 93' lang='lat' dir='ltr'>Sil-</span> 
     </span>
     <span class='ocr_line' id='line_1_3' title="bbox 311 659 2484 757; baseline 0.004 -28"><span class='ocrx_word' id='word_1_11' title='bbox 311 669 560 732; x_wconf 88' lang='lat' dir='ltr'>vester</span> <span class='ocrx_word' id='word_1_12' title='bbox 629 659 935 731; x_wconf 88' lang='lat' dir='ltr'>latuisse</span> <span class='ocrx_word' id='word_1_13' title='bbox 986 661 1242 733; x_wconf 87' lang='lat' dir='ltr'>fertur.</span> <span class='ocrx_word' id='word_1_14' title='bbox 1361 660 1618 757; x_wconf 84' lang='lat' dir='ltr'>Ibique</span> <span class='ocrx_word' id='word_1_15' title='bbox 1685 661 2104 757; x_wconf 84' lang='lat' dir='ltr'>aliquandiu</span> <span class='ocrx_word' id='word_1_16' title='bbox 2157 672 2484 736; x_wconf 87' lang='lat' dir='ltr'>commo-</span> 
     </span>
     <span class='ocr_line' id='line_1_4' title="bbox 312 758 2484 859; baseline 0.003 -30"><span class='ocrx_word' id='word_1_17' title='bbox 312 770 543 853; x_wconf 78' lang='lat' dir='ltr'>ratus,</span> <span class='ocrx_word' id='word_1_18' title='bbox 596 758 887 831; x_wconf 89' lang='lat' dir='ltr'>meliori</span> <span class='ocrx_word' id='word_1_19' title='bbox 940 760 1247 832; x_wconf 91' lang='lat' dir='ltr'>consilio</span> <span class='ocrx_word' id='word_1_20' title='bbox 1283 759 1427 833; x_wconf 93' lang='lat' dir='ltr'>hoc</span> <span class='ocrx_word' id='word_1_21' title='bbox 1477 761 1640 833; x_wconf 90' lang='lat' dir='ltr'>loco</span> <span class='ocrx_word' id='word_1_22' title='bbox 1696 759 2026 859; x_wconf 71' lang='lat' dir='ltr'>dimisso,</span> <span class='ocrx_word' id='word_1_23' title='bbox 2082 764 2174 835; x_wconf 93' lang='lat' dir='ltr'>ad</span> <span class='ocrx_word' id='word_1_24' title='bbox 2229 788 2484 837; x_wconf 91' lang='lat' dir='ltr'>mona-</span> 
     </span>
     <span class='ocr_line' id='line_1_5' title="bbox 314 858 2481 959; baseline 0.003 -28"><span class='ocrx_word' id='word_1_25' title='bbox 314 858 620 931; x_wconf 88' lang='lat' dir='ltr'>sterium</span> <span class='ocrx_word' id='word_1_26' title='bbox 675 858 906 932; x_wconf 88' lang='lat' dir='ltr'>sancti</span> <span class='ocrx_word' id='word_1_27' title='bbox 958 858 1333 932; x_wconf 79' lang='lat' dir='ltr'>Benedicti</span> <span class='ocrx_word' id='word_1_28' title='bbox 1388 859 1461 931; x_wconf 91' lang='lat' dir='ltr'>in</span> <span class='ocrx_word' id='word_1_29' title='bbox 1497 860 1802 934; x_wconf 90' lang='lat' dir='ltr'>Samnio</span> <span class='ocrx_word' id='word_1_30' title='bbox 1854 863 2232 959; x_wconf 89' lang='lat' dir='ltr'>provincia</span> <span class='ocrx_word' id='word_1_31' title='bbox 2286 862 2481 937; x_wconf 83' lang='lat' dir='ltr'>iuxta</span> 
     </span>
     <span class='ocr_line' id='line_1_6' title="bbox 316 955 2484 1060; baseline 0.003 -29"><span class='ocrx_word' id='word_1_32' title='bbox 316 955 708 1031; x_wconf 86' lang='lat' dir='ltr'>Casinum1</span> <span class='ocrx_word' id='word_1_33' title='bbox 745 968 1069 1031; x_wconf 83' lang='lat' dir='ltr'>castrum</span> <span class='ocrx_word' id='word_1_34' title='bbox 1117 958 1594 1032; x_wconf 90' lang='lat' dir='ltr'>constitutum</span> <span class='ocrx_word' id='word_1_35' title='bbox 1618 961 1773 1033; x_wconf 92' lang='lat' dir='ltr'>Deo</span> <span class='ocrx_word' id='word_1_36' title='bbox 1809 962 2217 1036; x_wconf 86' lang='lat' dir='ltr'>serviturus</span> <span class='ocrx_word' id='word_1_37' title='bbox 2256 963 2484 1060; x_wconf 78' lang='lat' dir='ltr'>venit,</span> 
     </span>
     <span class='ocr_line' id='line_1_7' title="bbox 313 1056 1913 1158; baseline 0.003 -30"><span class='ocrx_word' id='word_1_38' title='bbox 313 1056 559 1154; x_wconf 88' lang='lat' dir='ltr'>ibique</span> <span class='ocrx_word' id='word_1_39' title='bbox 611 1057 1126 1130; x_wconf 90' lang='lat' dir='ltr'>monachicum</span> <span class='ocrx_word' id='word_1_40' title='bbox 1180 1058 1516 1132; x_wconf 88' lang='lat' dir='ltr'>habitum</span> <span class='ocrx_word' id='word_1_41' title='bbox 1569 1061 1913 1158; x_wconf 86' lang='lat' dir='ltr'>suscepit.</span> 
     </span>
    </p>

    <p class='ocr_par' dir='ltr' id='par_1_3' title="bbox 314 1157 2487 2052">
     <span class='ocr_line' id='line_1_8' title="bbox 464 1157 2485 1258; baseline 0.002 -29"><span class='ocrx_word' id='word_1_42' title='bbox 464 1157 631 1230; x_wconf 90' lang='grc'><strong>747.</strong></span> <span class='ocrx_word' id='word_1_43' title='bbox 737 1157 992 1230; x_wconf 82' lang='lat' dir='ltr'>Frater</span> <span class='ocrx_word' id='word_1_44' title='bbox 1064 1159 1543 1234; x_wconf 86' lang='lat' dir='ltr'>Karlomanni</span> <span class='ocrx_word' id='word_1_45' title='bbox 1621 1172 1696 1233; x_wconf 91' lang='lat' dir='ltr'>et</span> <span class='ocrx_word' id='word_1_46' title='bbox 1777 1158 2104 1258; x_wconf 71' lang='lat' dir='ltr'>Pippini,</span> <span class='ocrx_word' id='word_1_47' title='bbox 2187 1159 2485 1234; x_wconf 90' lang='lat' dir='ltr'>nomine</span> 
     </span>
     <span class='ocr_line' id='line_1_9' title="bbox 315 1255 2485 1358; baseline 0.002 -29"><span class='ocrx_word' id='word_1_48' title='bbox 315 1256 636 1354; x_wconf 75' lang='lat' dir='ltr'>Gripho,</span> <span class='ocrx_word' id='word_1_49' title='bbox 705 1255 1007 1354; x_wconf 85' lang='lat' dir='ltr'>Pippino</span> <span class='ocrx_word' id='word_1_50' title='bbox 1075 1259 1285 1332; x_wconf 86' lang='lat' dir='ltr'>fratri</span> <span class='ocrx_word' id='word_1_51' title='bbox 1351 1283 1484 1331; x_wconf 91' lang='lat' dir='ltr'>suo</span> <span class='ocrx_word' id='word_1_52' title='bbox 1558 1258 1927 1334; x_wconf 86' lang='lat' dir='ltr'>subiectus</span> <span class='ocrx_word' id='word_1_53' title='bbox 1979 1282 2144 1332; x_wconf 88' lang='lat' dir='ltr'>esse</span> <span class='ocrx_word' id='word_1_54' title='bbox 2198 1262 2485 1358; x_wconf 74' lang='lat' dir='ltr'>nolenS,</span> 
     </span>
     <span class='ocr_line' id='line_1_10' title="bbox 314 1355 2486 1454; baseline 0.004 -29"><span class='ocrx_word' id='word_1_55' title='bbox 314 1378 756 1452; x_wconf 88' lang='lat' dir='ltr'>quamquam</span> <span class='ocrx_word' id='word_1_56' title='bbox 786 1355 921 1429; x_wconf 92' lang='lat' dir='ltr'>sub</span> <span class='ocrx_word' id='word_1_57' title='bbox 958 1357 1083 1429; x_wconf 89' lang='lat' dir='ltr'>illo</span> <span class='ocrx_word' id='word_1_58' title='bbox 1117 1357 1520 1431; x_wconf 86' lang='lat' dir='ltr'>honorifice</span> <span class='ocrx_word' id='word_1_59' title='bbox 1551 1359 1861 1454; x_wconf 73' lang='lat' dir='ltr'>viveret,</span> <span class='ocrx_word' id='word_1_60' title='bbox 1917 1360 2226 1433; x_wconf 89' lang='lat' dir='ltr'>collecta</span> <span class='ocrx_word' id='word_1_61' title='bbox 2260 1385 2486 1433; x_wconf 87' lang='lat' dir='ltr'>manu</span> 
     </span>
     <span class='ocr_line' id='line_1_11' title="bbox 315 1455 2486 1555; baseline 0.004 -30"><span class='ocrx_word' id='word_1_62' title='bbox 315 1455 389 1526; x_wconf 93' lang='lat' dir='ltr'>in</span> <span class='ocrx_word' id='word_1_63' title='bbox 443 1455 841 1528; x_wconf 87' lang='lat' dir='ltr'>Saxoniam</span> <span class='ocrx_word' id='word_1_64' title='bbox 893 1457 1256 1554; x_wconf 72' lang='lat' dir='ltr'>profugit,</span> <span class='ocrx_word' id='word_1_65' title='bbox 1325 1459 1779 1555; x_wconf 87' lang='lat' dir='ltr'>collectoque</span> <span class='ocrx_word' id='word_1_66' title='bbox 1834 1459 2212 1532; x_wconf 84' lang='lat' dir='ltr'>Saxonum</span> <span class='ocrx_word' id='word_1_67' title='bbox 2281 1484 2486 1533; x_wconf 88' lang='lat' dir='ltr'>exer-</span> 
     </span>
     <span class='ocr_line' id='line_1_12' title="bbox 318 1554 2485 1654; baseline 0.003 -29"><span class='ocrx_word' id='word_1_68' title='bbox 318 1554 460 1627; x_wconf 87' lang='lat' dir='ltr'>citu</span> <span class='ocrx_word' id='word_1_69' title='bbox 514 1580 736 1652; x_wconf 90' lang='lat' dir='ltr'>super</span> <span class='ocrx_word' id='word_1_70' title='bbox 801 1554 1110 1629; x_wconf 88' lang='lat' dir='ltr'>fluvium</span> <span class='ocrx_word' id='word_1_71' title='bbox 1164 1557 1448 1630; x_wconf 89' lang='lat' dir='ltr'>Ovacra</span> <span class='ocrx_word' id='word_1_72' title='bbox 1515 1557 1589 1629; x_wconf 91' lang='lat' dir='ltr'>in</span> <span class='ocrx_word' id='word_1_73' title='bbox 1643 1559 1805 1630; x_wconf 90' lang='lat' dir='ltr'>loco</span> <span class='ocrx_word' id='word_1_74' title='bbox 1861 1559 1982 1654; x_wconf 91' lang='lat' dir='ltr'>qui</span> <span class='ocrx_word' id='word_1_75' title='bbox 2037 1558 2297 1633; x_wconf 87' lang='lat' dir='ltr'>dicitur</span> <span class='ocrx_word' id='word_1_76' title='bbox 2351 1560 2485 1633; x_wconf 89' lang='lat' dir='ltr'>Or-</span> 
     </span>
     <span class='ocr_line' id='line_1_13' title="bbox 314 1653 2485 1755; baseline 0.003 -30"><span class='ocrx_word' id='word_1_77' title='bbox 314 1653 572 1727; x_wconf 83' lang='lat' dir='ltr'>heim2</span> <span class='ocrx_word' id='word_1_78' title='bbox 623 1657 995 1729; x_wconf 88' lang='lat' dir='ltr'>consedit:</span> <span class='ocrx_word' id='word_1_79' title='bbox 1051 1666 1122 1728; x_wconf 88' lang='lat' dir='ltr'>et</span> <span class='ocrx_word' id='word_1_80' title='bbox 1173 1656 1523 1755; x_wconf 90' lang='lat' dir='ltr'>Pippinus</span> <span class='ocrx_word' id='word_1_81' title='bbox 1577 1682 1744 1730; x_wconf 91' lang='lat' dir='ltr'>cum</span> <span class='ocrx_word' id='word_1_82' title='bbox 1799 1658 2119 1731; x_wconf 87' lang='lat' dir='ltr'>exercitu</span> <span class='ocrx_word' id='word_1_83' title='bbox 2175 1659 2485 1731; x_wconf 90' lang='lat' dir='ltr'>Franco-</span> 
     </span>
     <span class='ocr_line' id='line_1_14' title="bbox 316 1755 2486 1855; baseline 0.003 -29"><span class='ocrx_word' id='word_1_84' title='bbox 316 1778 483 1826; x_wconf 84' lang='lat' dir='ltr'>rum</span> <span class='ocrx_word' id='word_1_85' title='bbox 519 1779 654 1853; x_wconf 89' lang='lat' dir='ltr'>per</span> <span class='ocrx_word' id='word_1_86' title='bbox 689 1755 1166 1851; x_wconf 83' lang='lat' dir='ltr'>Thuringiam</span> <span class='ocrx_word' id='word_1_87' title='bbox 1217 1759 1622 1855; x_wconf 71' lang='lat' dir='ltr'>profectus,</span> <span class='ocrx_word' id='word_1_88' title='bbox 1679 1769 1933 1831; x_wconf 88' lang='lat' dir='ltr'>contra</span> <span class='ocrx_word' id='word_1_89' title='bbox 1986 1758 2236 1832; x_wconf 86' lang='lat' dir='ltr'>fratris</span> <span class='ocrx_word' id='word_1_90' title='bbox 2275 1760 2486 1833; x_wconf 89' lang='lat' dir='ltr'>dolos</span> 
     </span>
     <span class='ocr_line' id='line_1_15' title="bbox 318 1853 2486 1954; baseline 0.002 -27"><span class='ocrx_word' id='word_1_91' title='bbox 318 1853 716 1929; x_wconf 88' lang='lat' dir='ltr'>Saxoniam</span> <span class='ocrx_word' id='word_1_92' title='bbox 767 1857 1149 1951; x_wconf 84' lang='lat' dir='ltr'>ingressus</span> <span class='ocrx_word' id='word_1_93' title='bbox 1201 1869 1339 1953; x_wconf 78' lang='lat' dir='ltr'>est,</span> <span class='ocrx_word' id='word_1_94' title='bbox 1394 1858 1868 1954; x_wconf 87' lang='lat' dir='ltr'>conseditque</span> <span class='ocrx_word' id='word_1_95' title='bbox 1921 1882 2147 1954; x_wconf 90' lang='lat' dir='ltr'>super</span> <span class='ocrx_word' id='word_1_96' title='bbox 2181 1857 2486 1931; x_wconf 89' lang='lat' dir='ltr'>fluvium</span> 
     </span>
     <span class='ocr_line' id='line_1_16' title="bbox 321 1954 2487 2052; baseline 0.002 -27"><span class='ocrx_word' id='word_1_97' title='bbox 321 1954 642 2026; x_wconf 89' lang='lat' dir='ltr'>Missaha</span> <span class='ocrx_word' id='word_1_98' title='bbox 692 1955 766 2026; x_wconf 94' lang='lat' dir='ltr'>in</span> <span class='ocrx_word' id='word_1_99' title='bbox 819 1957 981 2029; x_wconf 92' lang='lat' dir='ltr'>loco</span> <span class='ocrx_word' id='word_1_100' title='bbox 1036 1956 1157 2052; x_wconf 91' lang='lat' dir='ltr'>qui</span> <span class='ocrx_word' id='word_1_101' title='bbox 1209 1966 1516 2030; x_wconf 90' lang='lat' dir='ltr'>vocatur</span> <span class='ocrx_word' id='word_1_102' title='bbox 1553 1955 2024 2052; x_wconf 81' lang='lat' dir='ltr'>Skahningi3.</span> <span class='ocrx_word' id='word_1_103' title='bbox 2118 1957 2487 2030; x_wconf 84' lang='lat' dir='ltr'>Proelium</span> 
     </span>
    </p>
   </div>
   <div class='ocr_carea' id='block_1_3' title="bbox 317 2055 2486 2227">
    <p class='ocr_par' dir='ltr' id='par_1_4' title="bbox 317 2055 2486 2227">
     <span class='ocr_line' id='line_1_17' title="bbox 317 2055 2486 2157; baseline 0.002 -32"><span class='ocrx_word' id='word_1_104' title='bbox 317 2064 567 2125; x_wconf 89' lang='lat' dir='ltr'>tamen</span> <span class='ocrx_word' id='word_1_105' title='bbox 621 2078 768 2126; x_wconf 91' lang='lat' dir='ltr'>non</span> <span class='ocrx_word' id='word_1_106' title='bbox 822 2067 936 2128; x_wconf 91' lang='lat' dir='ltr'>est</span> <span class='ocrx_word' id='word_1_107' title='bbox 989 2055 1179 2128; x_wconf 88' lang='lat' dir='ltr'>inter</span> <span class='ocrx_word' id='word_1_108' title='bbox 1232 2080 1361 2129; x_wconf 91' lang='lat' dir='ltr'>eos</span> <span class='ocrx_word' id='word_1_109' title='bbox 1416 2057 1941 2152; x_wconf 73' lang='lat' dir='ltr'>commissum,</span> <span class='ocrx_word' id='word_1_110' title='bbox 2007 2057 2138 2130; x_wconf 93' lang='lat' dir='ltr'>sed</span> <span class='ocrx_word' id='word_1_111' title='bbox 2194 2081 2282 2129; x_wconf 87' lang='lat' dir='ltr'>ex</span> <span class='ocrx_word' id='word_1_112' title='bbox 2332 2060 2486 2157; x_wconf 25' lang='lat' dir='ltr'>plta-</span> 
     </span>
     <span class='ocr_line' id='line_1_18' title="bbox 320 2152 1186 2227; baseline 0.005 -4"><span class='ocrx_word' id='word_1_113' title='bbox 320 2152 464 2225; x_wconf 93' lang='lat' dir='ltr'>cito</span> <span class='ocrx_word' id='word_1_114' title='bbox 522 2153 1037 2227; x_wconf 89' lang='lat' dir='ltr'>discesserunt.</span> <span class='ocrx_word' id='word_1_115' title='bbox 1180 2152 1186 2157; x_wconf 73' lang='grc'><strong>’</strong></span> 
     </span>
    </p>
   </div>
   <div class='ocr_carea' id='block_1_4' title="bbox 321 2269 2499 3763">
    <p class='ocr_par' dir='ltr' id='par_1_5' title="bbox 321 2269 2495 3564">
     <span class='ocr_line' id='line_1_19' title="bbox 472 2269 2489 2370; baseline 0.001 -28"><span class='ocrx_word' id='word_1_116' title='bbox 472 2270 640 2345; x_wconf 85' lang='grc'><strong>748.</strong></span> <span class='ocrx_word' id='word_1_117' title='bbox 696 2269 973 2370; x_wconf 88' lang='lat' dir='ltr'>Gripho</span> <span class='ocrx_word' id='word_1_118' title='bbox 1012 2271 1388 2344; x_wconf 86' lang='lat' dir='ltr'>Saxonum</span> <span class='ocrx_word' id='word_1_119' title='bbox 1422 2271 1594 2344; x_wconf 92' lang='lat' dir='ltr'>fidei</span> <span class='ocrx_word' id='word_1_120' title='bbox 1651 2271 2021 2368; x_wconf 74' lang='lat' dir='ltr'>diffidens,</span> <span class='ocrx_word' id='word_1_121' title='bbox 2074 2272 2489 2346; x_wconf 86' lang='lat' dir='ltr'>Baioariam</span> 
     </span>
     <span class='ocr_line' id='line_1_20' title="bbox 321 2370 2489 2470; baseline 0 -29"><span class='ocrx_word' id='word_1_122' title='bbox 321 2370 568 2467; x_wconf 78' lang='lat' dir='ltr'>petiit⁷</span> <span class='ocrx_word' id='word_1_123' title='bbox 623 2382 697 2443; x_wconf 89' lang='lat' dir='ltr'>et</span> <span class='ocrx_word' id='word_1_124' title='bbox 746 2372 1013 2470; x_wconf 69' lang='lat' dir='ltr'>copiis,</span> <span class='ocrx_word' id='word_1_125' title='bbox 1070 2395 1255 2468; x_wconf 92' lang='lat' dir='ltr'>quae</span> <span class='ocrx_word' id='word_1_126' title='bbox 1308 2371 1400 2442; x_wconf 89' lang='lat' dir='ltr'>de</span> <span class='ocrx_word' id='word_1_127' title='bbox 1438 2371 1742 2444; x_wconf 88' lang='lat' dir='ltr'>Francia</span> <span class='ocrx_word' id='word_1_128' title='bbox 1798 2372 1888 2443; x_wconf 89' lang='lat' dir='ltr'>ad</span> <span class='ocrx_word' id='word_1_129' title='bbox 1944 2396 2114 2443; x_wconf 90' lang='lat' dir='ltr'>eum</span> <span class='ocrx_word' id='word_1_130' title='bbox 2168 2371 2489 2444; x_wconf 86' lang='lat' dir='ltr'>conflue-</span> 
     </span>
     <span class='ocr_line' id='line_1_21' title="bbox 321 2470 2489 2568; baseline 0.001 -28"><span class='ocrx_word' id='word_1_131' title='bbox 321 2471 536 2562; x_wconf 61' lang='lat' dir='ltr'>bant,</span> <span class='ocrx_word' id='word_1_132' title='bbox 590 2471 833 2568; x_wconf 84' lang='lat' dir='ltr'>ipsum</span> <span class='ocrx_word' id='word_1_133' title='bbox 887 2471 1235 2543; x_wconf 88' lang='lat' dir='ltr'>ducatum</span> <span class='ocrx_word' id='word_1_134' title='bbox 1288 2470 1361 2541; x_wconf 91' lang='lat' dir='ltr'>in</span> <span class='ocrx_word' id='word_1_135' title='bbox 1417 2495 1629 2543; x_wconf 89' lang='lat' dir='ltr'>suam</span> <span class='ocrx_word' id='word_1_136' title='bbox 1679 2470 1970 2564; x_wconf 83' lang='lat' dir='ltr'>redegit</span> <span class='ocrx_word' id='word_1_137' title='bbox 2020 2482 2489 2568; x_wconf 73' lang='lat' dir='ltr'>potestatem,</span> 
     </span>
     <span class='ocr_line' id='line_1_22' title="bbox 324 2568 2489 2668; baseline 0.001 -27"><span class='ocrx_word' id='word_1_138' title='bbox 324 2569 784 2641; x_wconf 91' lang='lat' dir='ltr'>Tassilonem</span> <span class='ocrx_word' id='word_1_139' title='bbox 861 2582 936 2642; x_wconf 89' lang='lat' dir='ltr'>et</span> <span class='ocrx_word' id='word_1_140' title='bbox 1009 2569 1427 2641; x_wconf 88' lang='lat' dir='ltr'>Hiltrudem</span> <span class='ocrx_word' id='word_1_141' title='bbox 1502 2570 1578 2640; x_wconf 93' lang='lat' dir='ltr'>in</span> <span class='ocrx_word' id='word_1_142' title='bbox 1656 2568 2108 2641; x_wconf 88' lang='lat' dir='ltr'>deditionem</span> <span class='ocrx_word' id='word_1_143' title='bbox 2186 2571 2489 2668; x_wconf 63' lang='lat' dir='ltr'>accepit,</span> 
     </span>
     <span class='ocr_line' id='line_1_23' title="bbox 324 2667 2489 2767; baseline 0 -26"><span class='ocrx_word' id='word_1_144' title='bbox 324 2668 819 2764; x_wconf 84' lang='lat' dir='ltr'>Swithgerum</span> <span class='ocrx_word' id='word_1_145' title='bbox 887 2667 976 2740; x_wconf 93' lang='lat' dir='ltr'>ad</span> <span class='ocrx_word' id='word_1_146' title='bbox 1049 2667 1399 2740; x_wconf 86' lang='lat' dir='ltr'>auxilium</span> <span class='ocrx_word' id='word_1_147' title='bbox 1465 2667 1606 2742; x_wconf 88' lang='lat' dir='ltr'>sibi</span> <span class='ocrx_word' id='word_1_148' title='bbox 1676 2669 2096 2741; x_wconf 90' lang='lat' dir='ltr'>venientem</span> <span class='ocrx_word' id='word_1_149' title='bbox 2152 2671 2489 2767; x_wconf 70' lang='lat' dir='ltr'>suscepit.</span> 
     </span>
     <span class='ocr_line' id='line_1_24' title="bbox 321 2768 2491 2867; baseline 0.001 -28"><span class='ocrx_word' id='word_1_150' title='bbox 321 2768 521 2841; x_wconf 92' lang='lat' dir='ltr'>Haec</span> <span class='ocrx_word' id='word_1_151' title='bbox 573 2793 738 2841; x_wconf 89' lang='lat' dir='ltr'>cum</span> <span class='ocrx_word' id='word_1_152' title='bbox 794 2769 884 2840; x_wconf 92' lang='lat' dir='ltr'>ad</span> <span class='ocrx_word' id='word_1_153' title='bbox 937 2768 1323 2867; x_wconf 89' lang='lat' dir='ltr'>Pippinum</span> <span class='ocrx_word' id='word_1_154' title='bbox 1375 2770 1661 2865; x_wconf 89' lang='lat' dir='ltr'>perlata</span> <span class='ocrx_word' id='word_1_155' title='bbox 1714 2769 2066 2865; x_wconf 71' lang='lat' dir='ltr'>fuissent,</span> <span class='ocrx_word' id='word_1_156' title='bbox 2121 2794 2285 2841; x_wconf 91' lang='lat' dir='ltr'>cum</span> <span class='ocrx_word' id='word_1_157' title='bbox 2339 2795 2491 2841; x_wconf 89' lang='lat' dir='ltr'>ma-</span> 
     </span>
     <span class='ocr_line' id='line_1_25' title="bbox 321 2866 2493 2966; baseline 0.001 -27"><span class='ocrx_word' id='word_1_158' title='bbox 321 2868 518 2940; x_wconf 86' lang='lat' dir='ltr'>ximo</span> <span class='ocrx_word' id='word_1_159' title='bbox 572 2869 893 2942; x_wconf 89' lang='lat' dir='ltr'>exercitu</span> <span class='ocrx_word' id='word_1_160' title='bbox 939 2866 1353 2941; x_wconf 88' lang='lat' dir='ltr'>Baioariam</span> <span class='ocrx_word' id='word_1_161' title='bbox 1408 2870 1785 2966; x_wconf 90' lang='lat' dir='ltr'>profectus</span> <span class='ocrx_word' id='word_1_162' title='bbox 1838 2879 1987 2962; x_wconf 86' lang='lat' dir='ltr'>est.,</span> <span class='ocrx_word' id='word_1_163' title='bbox 2042 2870 2493 2966; x_wconf 85' lang='lat' dir='ltr'>fratremque</span> 
     </span>
     <span class='ocr_line' id='line_1_26' title="bbox 325 2968 2493 3067; baseline 0.001 -28"><span class='ocrx_word' id='word_1_164' title='bbox 325 2991 541 3039; x_wconf 88' lang='lat' dir='ltr'>suum</span> <span class='ocrx_word' id='word_1_165' title='bbox 618 2969 1069 3066; x_wconf 87' lang='lat' dir='ltr'>Griphonem</span> <span class='ocrx_word' id='word_1_166' title='bbox 1137 2993 1302 3040; x_wconf 90' lang='lat' dir='ltr'>cum</span> <span class='ocrx_word' id='word_1_167' title='bbox 1371 2968 1711 3041; x_wconf 88' lang='lat' dir='ltr'>omnibus</span> <span class='ocrx_word' id='word_1_168' title='bbox 1766 2968 1887 3065; x_wconf 92' lang='lat' dir='ltr'>qui</span> <span class='ocrx_word' id='word_1_169' title='bbox 1941 2991 2106 3041; x_wconf 90' lang='lat' dir='ltr'>cum</span> <span class='ocrx_word' id='word_1_170' title='bbox 2159 2968 2319 3067; x_wconf 91' lang='lat' dir='ltr'>ipso</span> <span class='ocrx_word' id='word_1_171' title='bbox 2376 2971 2493 3041; x_wconf 91' lang='lat' dir='ltr'>vel</span> 
     </span>
     <span class='ocr_line' id='line_1_27' title="bbox 323 3066 2493 3164; baseline 0 -26"><span class='ocrx_word' id='word_1_172' title='bbox 323 3068 415 3138; x_wconf 90' lang='lat' dir='ltr'>ad</span> <span class='ocrx_word' id='word_1_173' title='bbox 467 3066 713 3164; x_wconf 90' lang='lat' dir='ltr'>ipsum</span> <span class='ocrx_word' id='word_1_174' title='bbox 765 3081 1121 3142; x_wconf 88' lang='lat' dir='ltr'>venerant</span> <span class='ocrx_word' id='word_1_175' title='bbox 1173 3066 1448 3164; x_wconf 73' lang='lat' dir='ltr'>coepit,</span> <span class='ocrx_word' id='word_1_176' title='bbox 1502 3069 1966 3141; x_wconf 89' lang='lat' dir='ltr'>Tassilonem</span> <span class='ocrx_word' id='word_1_177' title='bbox 2021 3068 2092 3139; x_wconf 93' lang='lat' dir='ltr'>in</span> <span class='ocrx_word' id='word_1_178' title='bbox 2149 3070 2493 3140; x_wconf 89' lang='lat' dir='ltr'>ducatum</span> 
     </span>
     <span class='ocr_line' id='line_1_28' title="bbox 323 3165 2494 3264; baseline -0 -24"><span class='ocrx_word' id='word_1_179' title='bbox 323 3165 683 3259; x_wconf 65' lang='lat' dir='ltr'>restituit,</span> <span class='ocrx_word' id='word_1_180' title='bbox 759 3167 1207 3263; x_wconf 90' lang='lat' dir='ltr'>domumque</span> <span class='ocrx_word' id='word_1_181' title='bbox 1286 3191 1672 3261; x_wconf 73' lang='lat' dir='ltr'>reve1·suS‚</span> <span class='ocrx_word' id='word_1_182' title='bbox 1754 3166 2208 3264; x_wconf 84' lang='lat' dir='ltr'>Griphonem</span> <span class='ocrx_word' id='word_1_183' title='bbox 2285 3191 2494 3239; x_wconf 86' lang='lat' dir='ltr'>more</span> 
     </span>
     <span class='ocr_line' id='line_1_29' title="bbox 325 3261 2495 3340; baseline 0 -2"><span class='ocrx_word' id='word_1_184' title='bbox 325 3268 591 3339; x_wconf 90' lang='lat' dir='ltr'>ducum</span> <span class='ocrx_word' id='word_1_185' title='bbox 640 3266 1029 3339; x_wconf 91' lang='lat' dir='ltr'>duodecim</span> <span class='ocrx_word' id='word_1_186' title='bbox 1066 3265 1538 3339; x_wconf 86' lang='lat' dir='ltr'>comitatibus</span> <span class='ocrx_word' id='word_1_187' title='bbox 1594 3266 1909 3338; x_wconf 89' lang='lat' dir='ltr'>donavit.</span> <span class='ocrx_word' id='word_1_188' title='bbox 1985 3265 2131 3338; x_wconf 85' lang='lat' dir='ltr'>Sed</span> <span class='ocrx_word' id='word_1_189' title='bbox 2190 3265 2313 3339; x_wconf 92' lang='lat' dir='ltr'>ille</span> <span class='ocrx_word' id='word_1_190' title='bbox 2366 3261 2495 3340; x_wconf 87' lang='lat' dir='ltr'>tali</span> 
     </span>
     <span class='ocr_line' id='line_1_30' title="bbox 322 3365 2495 3461; baseline 0.001 -24"><span class='ocrx_word' id='word_1_191' title='bbox 322 3366 681 3440; x_wconf 84' lang='lat' dir='ltr'>beneficio</span> <span class='ocrx_word' id='word_1_192' title='bbox 735 3378 1124 3440; x_wconf 87' lang='lat' dir='ltr'>contentus</span> <span class='ocrx_word' id='word_1_193' title='bbox 1177 3391 1323 3438; x_wconf 92' lang='lat' dir='ltr'>non</span> <span class='ocrx_word' id='word_1_194' title='bbox 1380 3378 1564 3461; x_wconf 73' lang='lat' dir='ltr'>erat,</span> <span class='ocrx_word' id='word_1_195' title='bbox 1618 3390 1790 3437; x_wconf 91' lang='lat' dir='ltr'>nam</span> <span class='ocrx_word' id='word_1_196' title='bbox 1847 3365 2111 3439; x_wconf 90' lang='lat' dir='ltr'>eodem</span> <span class='ocrx_word' id='word_1_197' title='bbox 2161 3391 2357 3439; x_wconf 87' lang='lat' dir='ltr'>anno</span> <span class='ocrx_word' id='word_1_198' title='bbox 2402 3367 2495 3439; x_wconf 92' lang='lat' dir='ltr'>ad</span> 
     </span>
     <span class='ocr_line' id='line_1_31' title="bbox 332 3464 2044 3564; baseline 0.001 -29"><span class='ocrx_word' id='word_1_199' title='bbox 332 3464 800 3563; x_wconf 65' lang='lat' dir='ltr'>waifarium,</span> <span class='ocrx_word' id='word_1_200' title='bbox 859 3468 1122 3539; x_wconf 90' lang='lat' dir='ltr'>ducem</span> <span class='ocrx_word' id='word_1_201' title='bbox 1175 3465 1643 3562; x_wconf 71' lang='lat' dir='ltr'>Aquitaniae,</span> <span class='ocrx_word' id='word_1_202' title='bbox 1699 3465 2044 3564; x_wconf 82' lang='lat' dir='ltr'>profugit.</span> 
     </span>
    </p>

    <p class='ocr_par' dir='ltr' id='par_1_6' title="bbox 325 3562 2499 3763">
     <span class='ocr_line' id='line_1_32' title="bbox 473 3562 2499 3663; baseline -0 -27"><span class='ocrx_word' id='word_1_203' title='bbox 473 3564 640 3636; x_wconf 87' lang='lat'><strong>749.</strong></span> <span class='ocrx_word' id='word_1_204' title='bbox 690 3562 1202 3639; x_wconf 82' lang='lat' dir='ltr'>Burchardus4</span> <span class='ocrx_word' id='word_1_205' title='bbox 1253 3565 1919 3661; x_wconf 80' lang='lat' dir='ltr'>wirziburegensis</span> <span class='ocrx_word' id='word_1_206' title='bbox 1953 3567 2368 3663; x_wconf 67' lang='lat' dir='ltr'>episcopus7</span> <span class='ocrx_word' id='word_1_207' title='bbox 2425 3574 2499 3635; x_wconf 91' lang='lat' dir='ltr'>et</span> 
     </span>
     <span class='ocr_line' id='line_1_33' title="bbox 325 3661 2498 3763; baseline -0 -28"><span class='ocrx_word' id='word_1_208' title='bbox 325 3661 683 3736; x_wconf 86' lang='lat' dir='ltr'>Folradus</span> <span class='ocrx_word' id='word_1_209' title='bbox 760 3665 1123 3762; x_wconf 87' lang='lat' dir='ltr'>presbiter</span> <span class='ocrx_word' id='word_1_210' title='bbox 1189 3667 1614 3763; x_wconf 89' lang='lat' dir='ltr'>capellanus</span> <span class='ocrx_word' id='word_1_211' title='bbox 1671 3664 1877 3738; x_wconf 90' lang='lat' dir='ltr'>missi</span> <span class='ocrx_word' id='word_1_212' title='bbox 1948 3678 2118 3738; x_wconf 90' lang='lat' dir='ltr'>sunt</span> <span class='ocrx_word' id='word_1_213' title='bbox 2186 3665 2498 3735; x_wconf 85' lang='lat' dir='ltr'>Romam</span> 
     </span>
    </p>
   </div>
   <div class='ocr_carea' id='block_1_5' title="bbox 325 3812 2501 3961">
    <p class='ocr_par' dir='ltr' id='par_1_7' title="bbox 325 3812 2501 3961">
     <span class='ocr_line' id='line_1_34' title="bbox 330 3812 2501 3887; baseline -0.003 -13"><span class='ocrx_word' id='word_1_214' title='bbox 330 3814 377 3887; x_wconf 90' lang='lat'>1)</span> <span class='ocrx_word' id='word_1_215' title='bbox 418 3812 687 3869; x_wconf 85' lang='lat' dir='ltr'>Sacellum</span> <span class='ocrx_word' id='word_1_216' title='bbox 739 3815 796 3869; x_wconf 90' lang='lat' dir='ltr'>in</span> <span class='ocrx_word' id='word_1_217' title='bbox 851 3815 1023 3870; x_wconf 81' lang='lat' dir='ltr'>sancti</span> <span class='ocrx_word' id='word_1_218' title='bbox 1074 3815 1431 3870; x_wconf 84' lang='lat' dir='ltr'>Karlomanni</span> <span class='ocrx_word' id='word_1_219' title='bbox 1479 3815 1742 3872; x_wconf 88' lang='lat' dir='ltr'>honorem</span> <span class='ocrx_word' id='word_1_220' title='bbox 1797 3817 1854 3870; x_wconf 86' lang='lat' dir='ltr'>in</span> <span class='ocrx_word' id='word_1_221' title='bbox 1906 3816 2135 3872; x_wconf 82' lang='lat' dir='ltr'>ecclesia</span> <span class='ocrx_word' id='word_1_222' title='bbox 2187 3816 2501 3879; x_wconf 84' lang='lat' dir='ltr'>monasterii</span> 
     </span>
     <span class='ocr_line' id='line_1_35' title="bbox 325 3884 2501 3961; baseline -0.001 -18"><span class='ocrx_word' id='word_1_223' title='bbox 325 3886 527 3943; x_wconf 86' lang='lat' dir='ltr'>Montis</span> <span class='ocrx_word' id='word_1_224' title='bbox 568 3884 750 3940; x_wconf 85' lang='lat' dir='ltr'>Casini</span> <span class='ocrx_word' id='word_1_225' title='bbox 803 3897 1159 3953; x_wconf 83' lang='lat' dir='ltr'>exstructum,</span> <span class='ocrx_word' id='word_1_226' title='bbox 1219 3906 1280 3941; x_wconf 84' lang='lat' dir='ltr'>ac</span> <span class='ocrx_word' id='word_1_227' title='bbox 1318 3888 1544 3959; x_wconf 85' lang='lat' dir='ltr'>picturis</span> <span class='ocrx_word' id='word_1_228' title='bbox 1583 3899 1639 3944; x_wconf 86' lang='lat' dir='ltr'>et</span> <span class='ocrx_word' id='word_1_229' title='bbox 1676 3907 1841 3961; x_wconf 83' lang='lat' dir='ltr'>opere</span> <span class='ocrx_word' id='word_1_230' title='bbox 1880 3888 2089 3941; x_wconf 78' lang='lat' dir='ltr'>musivo</span> <span class='ocrx_word' id='word_1_231' title='bbox 2140 3886 2501 3956; x_wconf 86' lang='lat' dir='ltr'>splendidum,</span> 
     </span>
    </p>
   </div>
   <div class='ocr_carea' id='block_1_6' title="bbox 325 3958 2506 4174">
    <p class='ocr_par' dir='ltr' id='par_1_8' title="bbox 325 3958 2506 4174">
     <span class='ocr_line' id='line_1_36' title="bbox 327 3958 2501 4049; baseline -0.001 -35"><span class='ocrx_word' id='word_1_232' title='bbox 327 3977 468 4015; x_wconf 78' lang='lat' dir='ltr'>anno</span> <span class='ocrx_word' id='word_1_233' title='bbox 497 3962 637 4020; x_wconf 82' lang='lat'>1822</span> <span class='ocrx_word' id='word_1_234' title='bbox 675 3960 944 4031; x_wconf 84' lang='lat' dir='ltr'>integrum</span> <span class='ocrx_word' id='word_1_235' title='bbox 976 3969 1029 4015; x_wconf 86' lang='lat' dir='ltr'>et</span> <span class='ocrx_word' id='word_1_236' title='bbox 1064 3962 1320 4049; x_wconf 61' lang='lat' dir='ltr'>religiose</span> <span class='ocrx_word' id='word_1_237' title='bbox 1359 3978 1386 4014; x_wconf 83' lang='lat' dir='ltr'>a</span> <span class='ocrx_word' id='word_1_238' title='bbox 1425 3962 1670 4031; x_wconf 82' lang='lat' dir='ltr'>patribus</span> <span class='ocrx_word' id='word_1_239' title='bbox 1709 3969 1976 4016; x_wconf 83' lang='lat' dir='ltr'>servatum</span> <span class='ocrx_word' id='word_1_240' title='bbox 2004 3959 2208 4045; x_wconf 71' lang='lat' dir='ltr'>inveni.</span> <span class='ocrx_word' id='word_1_241' title='bbox 2320 3958 2501 4045; x_wconf 48' lang='lat' dir='ltr'>2)·iam</span> 
     </span>
     <span class='ocr_line' id='line_1_37' title="bbox 327 4029 2506 4103; baseline 0 -17"><span class='ocrx_word' id='word_1_242' title='bbox 327 4029 498 4087; x_wconf 88' lang='lat' dir='ltr'>Orum</span> <span class='ocrx_word' id='word_1_243' title='bbox 538 4033 603 4086; x_wconf 87' lang='lat' dir='ltr'>ad</span> <span class='ocrx_word' id='word_1_244' title='bbox 643 4030 916 4088; x_wconf 84' lang='lat' dir='ltr'>Obacrum</span> <span class='ocrx_word' id='word_1_245' title='bbox 957 4049 1117 4102; x_wconf 86' lang='lat' dir='ltr'>supra</span> <span class='ocrx_word' id='word_1_246' title='bbox 1156 4032 1586 4103; x_wconf 77' lang='lat' dir='ltr'>huelferbytum.</span> <span class='ocrx_word' id='word_1_247' title='bbox 1735 4031 1787 4101; x_wconf 89' lang='lat'>3)</span> <span class='ocrx_word' id='word_1_248' title='bbox 1823 4030 2204 4103; x_wconf 83' lang='lat' dir='ltr'>Schoemngen</span> <span class='ocrx_word' id='word_1_249' title='bbox 2244 4030 2312 4084; x_wconf 82' lang='lat' dir='ltr'>ad</span> <span class='ocrx_word' id='word_1_250' title='bbox 2348 4050 2506 4087; x_wconf 82' lang='lat' dir='ltr'>rivu-</span> 
     </span>
     <span class='ocr_line' id='line_1_38' title="bbox 325 4101 2506 4174; baseline 0 -16"><span class='ocrx_word' id='word_1_251' title='bbox 325 4105 438 4158; x_wconf 90' lang='lat' dir='ltr'>lum</span> <span class='ocrx_word' id='word_1_252' title='bbox 490 4104 762 4171; x_wconf 83' lang='lat' dir='ltr'>Meissau,</span> <span class='ocrx_word' id='word_1_253' title='bbox 819 4106 877 4158; x_wconf 85' lang='lat' dir='ltr'>in</span> <span class='ocrx_word' id='word_1_254' title='bbox 932 4104 1129 4157; x_wconf 83' lang='lat' dir='ltr'>ducatu</span> <span class='ocrx_word' id='word_1_255' title='bbox 1166 4101 1573 4160; x_wconf 84' lang='lat' dir='ltr'>Brunsvicensi.</span> <span class='ocrx_word' id='word_1_256' title='bbox 1732 4103 1784 4174; x_wconf 83' lang='lat'>4)</span> <span class='ocrx_word' id='word_1_257' title='bbox 1836 4122 1957 4159; x_wconf 84' lang='lat' dir='ltr'>curn</span> <span class='ocrx_word' id='word_1_258' title='bbox 1995 4105 2101 4159; x_wconf 91' lang='lat' dir='ltr'>hoc</span> <span class='ocrx_word' id='word_1_259' title='bbox 2139 4121 2281 4158; x_wconf 85' lang='lat' dir='ltr'>anno</span> <span class='ocrx_word' id='word_1_260' title='bbox 2320 4113 2374 4159; x_wconf 83' lang='lat' dir='ltr'>et</span> <span class='ocrx_word' id='word_1_261' title='bbox 2410 4123 2506 4159; x_wconf 87' lang='lat' dir='ltr'>se-</span> 
     </span>
    </p>
   </div>
   <div class='ocr_carea' id='block_1_7' title="bbox 329 4174 2503 4248">
    <p class='ocr_par' dir='ltr' id='par_1_9' title="bbox 329 4174 2503 4248">
     <span class='ocr_line' id='line_1_39' title="bbox 329 4174 2503 4248; baseline -0 -17"><span class='ocrx_word' id='word_1_262' title='bbox 329 4178 514 4248; x_wconf 84' lang='lat' dir='ltr'>quenti</span> <span class='ocrx_word' id='word_1_263' title='bbox 555 4178 624 4231; x_wconf 82' lang='lat' dir='ltr'>cf.</span> <span class='ocrx_word' id='word_1_264' title='bbox 663 4179 885 4231; x_wconf 81' lang='lat' dir='ltr'>annales</span> <span class='ocrx_word' id='word_1_265' title='bbox 923 4174 1310 4230; x_wconf 82' lang='lat' dir='ltr'>Laurissenses</span> <span class='ocrx_word' id='word_1_266' title='bbox 1364 4178 1601 4231; x_wconf 86' lang='lat' dir='ltr'>minores</span> <span class='ocrx_word' id='word_1_267' title='bbox 1651 4176 1801 4233; x_wconf 89' lang='lat' dir='ltr'>Mon.</span> <span class='ocrx_word' id='word_1_268' title='bbox 1842 4175 2027 4238; x_wconf 85' lang='lat' dir='ltr'>Germ.</span> <span class='ocrx_word' id='word_1_269' title='bbox 2064 4174 2163 4240; x_wconf 83' lang='lat' dir='ltr'>SS.</span> <span class='ocrx_word' id='word_1_270' title='bbox 2202 4175 2246 4230; x_wconf 89' lang='lat'>1.</span> <span class='ocrx_word' id='word_1_271' title='bbox 2282 4195 2337 4246; x_wconf 90' lang='lat' dir='ltr'>p.</span> <span class='ocrx_word' id='word_1_272' title='bbox 2382 4179 2503 4237; x_wconf 84' lang='lat'>116.</span> 
     </span>
    </p>
   </div>
   <div class='ocr_carea' id='block_1_8' title="bbox 1808 4270 1905 4340">
    <p class='ocr_par' dir='ltr' id='par_1_10' title="bbox 1808 4270 1905 4340">
     <span class='ocr_line' id='line_1_40' title="bbox 1808 4270 1905 4340; baseline 0 -26"><span class='ocrx_word' id='word_1_273' title='bbox 1808 4270 1905 4340; x_wconf 81' lang='lat' dir='ltr'>l*</span> 
     </span>
    </p>
   </div>
  </div>
 </body>
</html>
