3027 4904
1123 354 1204 424 A.
1260 350 1425 427 820.
1480 349 1649 426 821.
2354 358 2451 432 79

287 535 492 631 niae,
547 529 1027 608 constitutum
1081 544 1156 606 et
1205 544 1510 607 neutrae
1562 530 1757 630 parti
1808 531 1989 606 satis
2038 532 2453 631 proficuum

288 636 625 710 consulto
694 645 1025 732 ruptum7
1097 632 1522 729 bellumque
1574 631 1929 704 adversus
1983 656 2155 705 eum
2206 660 2451 710 susce-

283 746 497 833 ptum
551 745 680 831 est.
801 733 883 805 In
955 731 1209 805 Italico
1275 730 1464 803 mari
1533 741 1700 802 octo
1766 754 1995 803 naves
2045 736 2451 830 negotiato-

284 859 452 907 rum
504 834 597 908 de
647 831 989 907 Sardinia
1041 831 1135 903 ad
1178 830 1466 903 Italiam
1517 829 2052 903 revertentium
2103 855 2147 903 a
2195 835 2452 932 piratis

287 943 544 1032 captae
622 958 707 1006 ac
782 932 1154 1004 dimersae
1233 941 1433 1002 sunt:
1526 928 1619 1001 de
1695 929 2197 1004 Nordmannia
2269 958 2450 1009 vero

283 1034 636 1106 tredecim
688 1032 1041 1128 piraticae
1094 1053 1320 1101 naves
1373 1051 1762 1124 egressae,
1822 1029 2063 1126 primo
2114 1031 2190 1103 in
2240 1032 2452 1105 Flan-

288 1132 533 1206 drensi
613 1132 832 1205 litore
894 1128 1234 1225 praedari
1319 1127 1753 1221 molientes.,
1833 1128 1923 1201 ab
2006 1130 2121 1204 his
2188 1132 2310 1228 qui
2375 1133 2452 1205 in

284 1231 654 1331 praesidio
716 1240 927 1301 erant
993 1228 1336 1326 repulsae
1406 1238 1617 1320 sunt,
1689 1226 1813 1298 ubi
1880 1239 2132 1302 tamen
2201 1231 2292 1303 ab
2346 1233 2454 1306 eis

284 1341 590 1429 propter
656 1328 1049 1401 custodum
1101 1326 1454 1399 incuriam
1508 1324 1790 1423 aliquot
1841 1351 2056 1402 casae
2109 1330 2295 1403 viles
2346 1332 2454 1404 in-

288 1454 587 1524 censae,
644 1440 716 1501 et
755 1451 1026 1525 parvus
1078 1428 1366 1524 pecoris
1417 1449 1772 1499 numerus
1825 1426 2126 1502 abactus
2180 1442 2327 1524 est3
2379 1432 2455 1505 in

290 1529 478 1603 ostio
551 1530 938 1625 Sequanae
1022 1526 1291 1600 similia
1373 1535 1860 1622 temptanteS‚
1939 1527 2454 1604 resistentibus

289 1628 428 1703 sibi
471 1628 701 1702 litoris
753 1626 1215 1723 custodibus,
1283 1625 1601 1722 quinque
1668 1649 1973 1698 suorum
2022 1627 2455 1724 interfectiS‚

288 1728 549 1801 inritae
634 1730 1136 1819 recesserunt3
1231 1725 1530 1798 tandem
1606 1723 1681 1796 in
1742 1725 2175 1821 Aquitanico
2239 1728 2455 1802 litore

289 1826 664 1926 prosperis
719 1849 896 1898 usae
934 1824 1421 1920 successibus,
1476 1822 1636 1894 vico
1692 1825 2014 1919 quodam
2066 1826 2189 1924 qui
2240 1853 2455 1902 voca-

286 1940 406 2001 tur
467 1926 835 1998 Bundium
909 1924 1002 1995 ad
1083 1923 1456 2019 integrum
1541 1923 2026 2020 depopulato7
2115 1948 2283 1998 cum
2350 1929 2455 1999 in-

290 2026 493 2122 genti
545 2025 823 2122 praeda
875 2024 969 2095 ad
1020 2025 1319 2119 propria
1372 2045 1720 2095 reversae
1774 2034 1963 2096 sunt.
2065 2026 2224 2097 Hoc
2264 2049 2455 2099 anno

288 2136 591 2223 propter
666 2124 878 2219 iuges
971 2122 1258 2218 pluvias
1358 2131 1434 2192 et
1509 2143 1758 2192 aerem
1838 2120 2062 2193 nimio
2144 2125 2456 2198 humore

288 2226 698 2298 resolutum
784 2245 1055 2318 magna
1135 2220 1603 2293 incommoda
1666 2219 2151 2317 contigerunt.
2270 2225 2456 2297 Nam

289 2335 364 2397 et
414 2324 799 2396 hominum
833 2334 907 2395 et
961 2321 1184 2394 boum
1236 2320 1655 2418 pestilentia
1695 2331 1850 2393 tam
1900 2321 2197 2394 inmane
2232 2324 2456 2419 longe

291 2426 582 2520 lateque
635 2432 971 2515 grassata
1023 2431 1175 2517 est,
1243 2430 1323 2492 ut
1372 2419 1492 2491 vix
1547 2418 1696 2490 ulla
1746 2443 1919 2515 pars
1969 2421 2195 2494 totius
2247 2425 2458 2518 regni

288 2525 736 2595 Francorum
816 2520 906 2590 ab
982 2520 1123 2591 hac
1210 2529 1421 2614 peste
1497 2518 1820 2590 inmunis
1900 2530 2113 2615 atque
2188 2519 2461 2595 intacta

290 2619 527 2717 possit
578 2616 908 2690 inveniri.
1009 2617 1408 2688 Frumenta
1442 2640 1731 2712 quoque
1773 2627 1848 2688 et
1898 2617 2275 2714 legumina
2326 2622 2460 2693 im-

291 2719 532 2792 brium
603 2716 1045 2814 adsiduitate
1115 2727 1500 2812 corrupta,
1579 2716 1700 2787 vel
1756 2716 1999 2812 colligi
2053 2743 2200 2791 non
2252 2733 2460 2817 pote-

292 2831 460 2892 rant
527 2818 646 2891 vel
718 2816 1025 2889 collecta
1090 2815 1773 2912 conputrescebant.
1889 2816 2156 2891 Vinum
2208 2820 2458 2918 etiam⁷

292 2918 495 2990 cuius
549 2940 820 3015 parvus
874 2926 1277 3013 proventus
1346 2914 1612 2987 eodem
1667 2939 1858 2987 anno
1913 2916 2086 3014 fuit7
2155 2933 2462 3017 propter

292 3016 555 3089 caloris
606 3013 929 3111 inopiam
985 3014 1332 3087 acerbum
1386 3026 1461 3087 et
1511 3014 1816 3087 insuave
1868 3012 2112 3089 fiebat.
2187 3017 2267 3089 In
2307 3020 2461 3115 qui-

291 3115 606 3189 busdam
657 3137 834 3187 vero
888 3115 1068 3187 locis
1123 3115 1214 3187 de
1267 3113 1741 3186 inundatione
1784 3113 2198 3209 fluminum,
2254 3119 2461 3213 aquis

292 3216 365 3289 in
417 3216 641 3313 plano
696 3212 1243 3310 stagnantibus,
1316 3212 1764 3285 autumnalis
1830 3211 2019 3284 satio
2075 3213 2176 3284 ita
2228 3214 2462 3314 impe-

293 3314 443 3387 dita
495 3324 650 3407 est,
705 3325 785 3386 ut
837 3311 1178 3413 paenitus
1230 3311 1415 3384 nihil
1463 3314 1763 3406 frugum
1816 3322 1987 3384 ante
2038 3313 2247 3386 verni
2277 3327 2464 3389 tem-

291 3413 574 3511 periem
628 3414 1135 3488 seminaretur.
1236 3412 1441 3486 Luna
1493 3410 1768 3484 defecit
1818 3413 1887 3486 8.
1916 3412 2073 3486 Kal.
2114 3412 2459 3490 Decemb.

292 3512 478 3583 hora
556 3514 791 3586 noctis
876 3512 1220 3586 secunda.
1347 3512 1762 3610 Imperator
1835 3521 2008 3608 post
2081 3527 2461 3610 peractum

297 3608 644 3684 Carisiaci
726 3622 1165 3683 conventum
1253 3612 1907 3707 autumnalemque
1988 3611 2461 3685 venationem

298 3731 388 3780 ex
440 3730 649 3780 more
719 3710 1166 3805 completam
1214 3709 1679 3804 Aquasgrani
1729 3732 2074 3783 reversus
2128 3720 2263 3781 est.

446 3804 613 3877 821.
696 3808 1116 3881 Conventus
1166 3829 1423 3879 mense
1476 3806 1687 3880 Febr.
1740 3809 1966 3906 Aquis
2016 3806 2335 3905 habitus⁷
2388 3822 2464 3884 et

295 3907 367 3978 in
425 3929 514 3977 eo
567 3904 659 3976 de
712 3904 907 3977 bello
944 3904 1412 3979 Liudewitico
1466 3917 1889 3998 tractatum,
1944 3928 2029 3976 ac
2065 3915 2215 3980 tres
2256 3932 2460 3982 exer-

299 4005 481 4078 citus
552 4003 867 4077 ordinati
929 4005 1052 4100 qui
1101 4007 1349 4076 futura
1402 4017 1687 4079 aestate
1734 4003 2188 4101 perfidorum
2241 4031 2462 4103 agros

294 4126 430 4200 per
470 4104 667 4178 vices
694 4115 1092 4178 vastarent.
1170 4102 1405 4176 Simili
1442 4104 1665 4176 modo
1710 4103 1803 4177 de
1845 4128 2093 4179 marca
2135 4106 2460 4205 Hispana
