3027 4904
524 340 624 413 40
1132 332 1586 410 EINHARDI
1657 334 2086 410 ANNALES

524 517 873 631 Pippinus
925 528 1197 616 autem,
1222 519 1484 593 Hunis
1536 531 1740 593 trans
1779 512 2075 590 Τίῑειιιι1
2129 513 2437 587 fluvium
2491 516 2702 612 fuga-

523 617 662 715 tis,
716 640 1122 715 eorumque
1174 618 1427 715 regia,
1497 640 1723 717 quae,
1793 630 1874 692 ut
1924 616 2204 690 dictum
2257 626 2414 710 est,
2482 616 2699 689 Hrin-

525 714 749 815 gus2,
822 741 866 789 a
931 717 1440 815 Langobardis
1509 730 1760 792 autem
1813 719 2135 814 Campus
2181 725 2552 809 vocatur,
2610 739 2699 788 ex

521 826 678 891 toto
750 817 1163 914 destiucta,
1255 817 1562 917 direptis
1640 840 1832 915 pene
1904 808 2246 889 omnibus
2312 815 2699 888 Hunorum

524 916 826 1030 opibus,
895 917 987 989 ad
1059 930 1348 1016 patrem
1414 917 1876 1016 Aquisgrani
1921 917 2230 990 hiberna
2298 915 2699 988 habentem

525 1017 764 1114 venit,
829 1040 917 1089 ac
974 1018 1236 1145 spolia
1268 1018 1479 1112 regni
1534 1041 1723 1113 quae
1777 1040 2029 1092 secum
2083 1014 2381 1110 detulit,
2451 1015 2698 1088 eidem

524 1115 1081 1214 praesentavit.
1120 1117 1471 1190 Tudun
1504 1117 1729 1189 etiam
1779 1116 1948 1214 ille,
2013 1115 2104 1188 de
2158 1139 2302 1211 quo
2358 1114 2697 1210 superius

522 1216 805 1289 mentio
843 1217 1036 1290 facta
1092 1229 1230 1309 est,
1282 1216 1509 1289 fidem
1557 1208 1766 1290 dictis
1799 1216 1951 1291 suis
1988 1213 2387 1325 adhibenS,
2425 1214 2700 1288 ibidem

522 1316 616 1387 ad
682 1338 942 1411 regem
1007 1317 1250 1411 venit,
1318 1315 1564 1411 ibique
1629 1339 1820 1388 cum
1865 1314 2205 1386 omnibus
2268 1313 2392 1410 qui
2445 1337 2697 1387 secum

521 1425 879 1486 venerant
941 1369 1351 1512 baptizatus
1403 1437 1508 1486 ac
1572 1424 2162 1508 remuneratus,
2206 1422 2404 1509 post
2439 1414 2697 1489 datum

523 1513 933 1587 servandae
1003 1512 1178 1586 fidei
1243 1526 1793 1589 sacramentum
1865 1515 2170 1585 domum
2236 1511 2493 1607 rediit,
2564 1514 2696 1587 sed

520 1613 596 1685 in
646 1616 1014 1710 promissa
1065 1612 1423 1686 fidelitate
1477 1613 1602 1685 diu
1638 1632 1940 1684 manere
1973 1610 2233 1703 noluit,
2285 1633 2424 1682 nec
2461 1616 2696 1689 multo

520 1723 690 1808 post
755 1711 1113 1810 peifidiae
1179 1734 1358 1783 suae
1426 1735 1706 1825 poenas
1778 1706 2028 1783 dedit.
2105 1710 2256 1782 Rex
2317 1733 2536 1807 vero,
2615 1724 2700 1786 ut

522 1811 797 1885 dictum
860 1822 1013 1907 est,
1079 1810 1524 1907 Aquisgrani
1591 1812 1664 1884 in
1714 1809 2042 1884 hibernis
2096 1807 2526 1906 considens,
2596 1812 2698 1884 ibi

524 1921 600 2080 gt
669 1911 994 1984 natalem
1057 1909 1352 1983 Domini
1432 1922 1505 1984 et
1579 1911 1851 2045 pascha
1925 1931 2134 1981 more
2214 1909 2428 1981 solito
2507 1912 2697 1983 cele-

573 2009 779 2089 ravit.
1867 2042 1870 2045 “

672 2110 836 2183 797.
902 2107 1314 2184 Barcinona
1365 2108 1624 2203 civitas
1678 2108 1755 2182 in
1810 2107 2044 2181 limite
2078 2106 2473 2206 Hispanico
2529 2094 2698 2206 sita,

521 2231 709 2305 quae
740 2209 1152 2293 alternante
1188 2232 1438 2281 rerum
1477 2217 1749 2281 eventu
1803 2232 1996 2281 nunc
2023 2210 2471 2281 Francorum
2502 2233 2697 2280 nunc

522 2307 1101 2383 Sarracenorum
1154 2307 1422 2403 dicioni
1473 2307 1995 2405 subiciebatur,
2047 2307 2344 2381 tandem
2375 2331 2533 2406 'per
2557 2309 2695 2395 Za-

521 2418 673 2482 tum
751 2406 1283 2505 Sarracenum,
1362 2409 1481 2522 qui
1563 2420 1738 2486 tunc
1809 2433 1977 2483 eam
2037 2407 2456 2505 invaserat,
2533 2408 2698 2506 regi

523 2508 811 2581 reddita
864 2520 995 2582 est.
1119 2510 1310 2582 Nam
1363 2509 1426 2582 is
1478 2510 1783 2585 aestatis
1846 2509 2052 2583 initio
2106 2507 2549 2623 Aquisgrani
2603 2509 2697 2581 ad

518 2630 779 2703 regem
831 2608 1072 2703 venit,
1141 2633 1369 2706 seque
1442 2634 1611 2682 cum
1664 2591 2079 2684 memorata
2132 2608 2422 2683 civitate
2463 2631 2696 2707 spon-

519 2717 739 2779 tanea
807 2707 1182 2780 deditione
1234 2708 1432 2800 illius
1484 2709 1834 2807 potestati
1889 2708 2282 2806 permisit..
2365 2701 2528 2798 Qua
2580 2733 2695 2781 re-

520 2815 758 2903 cepta,
813 2830 945 2880 rex
982 2805 1217 2882 filium
1270 2831 1487 2900 suum
1540 2808 2045 2881 Hludewicum
2081 2809 2177 2881 ad
2232 2807 2697 2889 obsidionem

521 2900 805 2984 Oscae³
874 2929 1042 2977 cum
1114 2906 1438 2980 exercitu
1490 2906 1565 2979 in
1618 2906 2052 3005 Hispaniam
2105 2907 2346 3004 misit,
2412 2917 2485 2980 et
2534 2907 2695 3007 ipse

520 3028 728 3078 more
782 3004 998 3080 solito
1052 3016 1358 3103 propter
1409 3007 2006 3098 contundendam
2071 3007 2401 3122 perfidae
2452 3008 2697 3104 gentis

520 3105 1058 3179 contumaciam
1126 3105 1526 3180 Saxoniam
1606 3120 2029 3181 vastaturus
2101 3107 2421 3181 intravit.
2544 3109 2699 3179 Nec

518 3204 722 3303 prius
777 3206 1083 3301 destitit,
1138 3230 1357 3304 quam
1411 3231 1673 3281 omnes
1711 3207 2069 3282 terminos
2124 3207 2280 3280 eius
2306 3229 2697 3303 peragras-

519 3314 654 3376 set.
777 3305 964 3375 Nam
1018 3329 1253 3416 usque
1307 3305 1399 3377 ad
1452 3307 1755 3380 ultimos
1806 3306 1995 3379 fines
2048 3306 2244 3399 eius,
2312 3327 2455 3399 qua
2506 3305 2698 3378 inter

518 3400 765 3477 Albim
818 3412 893 3474 et
945 3402 1320 3492 Wisuram
1373 3427 1650 3476 oceano
1699 3404 2043 3499 alluitur,
2097 3401 2425 3477 accessit.
2518 3404 2698 3478 Inde

519 3525 954 3598 regressus,
1009 3524 1177 3576 cum
1212 3503 1675 3600 Aquasgrani
1729 3503 2078 3600 venisset,
2131 3502 2374 3602 ibique
2425 3504 2696 3578 Abdel-

520 3603 668 3673 lam
702 3600 1220 3714 sarracenum,
1273 3600 1509 3675 filium
1550 3602 1760 3678 lbin-
1778 3604 2045 3700 Mauge
2086 3603 2310 3701 regis,
2365 3603 2458 3676 de
2493 3606 2696 3679 Mau-

519 3698 783 3773 ritania
863 3700 957 3773 ad
1030 3725 1113 3774 se
1180 3702 1604 3777 venientem
1658 3704 2147 3817 suscepisset,
2218 3706 2689 3821 legatumque

520 3800 819 3874 Nicetae
847 3799 1135 3901 patricii
1162 3802 1287 3915 qui
1324 3815 1499 3877 tunc
1534 3804 1862 3879 Siciliam
1897 3804 2364 3917 procurabat,
2395 3807 2688 3880 nomine

521 3900 1068 3999 Theoctistum,
1137 3901 1423 3976 litteras
1495 3902 1966 4003 imperatoris
2035 3906 2127 3980 de
2181 3904 2689 3980 Constantino-

527 4032 573 4096 1)
609 4033 774 4089 hodie
809 4031 1023 4089 Theiss.
1171 4034 1225 4109 2)
1264 4040 1383 4110 'inq
1419 4038 1493 4093 lin
1535 4056 1601 4092 ua
1641 4048 1821 4094 nostra
1849 4040 2101 4105 circulus,
2141 4040 2401 4102 annulus;
2442 4038 2510 4092 de
2545 4035 2694 4091 Ava-

520 4122 706 4161 rorum
745 4107 969 4179 regione
1008 4107 1078 4163 cl'.
1115 4107 1442 4166 Monachum
1521 4113 1885 4183 angallensem
1911 4112 2007 4169 hb
2043 4114 2096 4170 2
2134 4130 2180 4166 c.
2224 4115 2270 4169 1.
2383 4109 2436 4182 3)
2463 4108 2694 4166 Huesca.
