3027 4904
1133 368 1210 439 A
1267 367 1399 440 761
1421 366 1682 440 -767.
2448 366 2496 435 9

323 549 638 650 patriam
702 571 1046 623 reversus
1118 559 1272 645 est,
1350 547 1789 646 firmatoque
1859 547 1951 620 ad
2004 545 2499 620 defectionem

324 651 612 746 animo,
666 650 757 721 ad
812 649 1008 744 regis
1064 658 1541 763 conspectum
1595 647 1903 721 ulterius
1967 671 2048 720 se
2099 658 2496 721 venturum

324 749 705 822 abiuravit.
822 750 1014 845 Rex,
1093 748 1398 821 dimlsso
1470 775 1546 822 m
1609 747 1917 821 hiberna
1971 747 2332 843 exercitu,
2406 747 2495 819 ad

322 849 801 922 hiemandum
854 848 928 920 in
996 848 1174 920 villa
1232 847 1591 921 Lonclare
1662 848 2033 944 consedit,
2113 860 2333 945 atque
2400 848 2500 920 ibi

324 950 650 1023 natalem
723 946 1018 1021 Domini
1084 972 1168 1020 ac
1230 949 1502 1045 pascha
1574 946 1989 1021 celebravit.
2103 948 2323 1020 Facta
2389 959 2504 1021 est

326 1061 569 1123 autem
604 1072 693 1121 eo
748 1059 1084 1145 tempore
1135 1059 1287 1121 tam
1323 1048 1565 1120 valida
1620 1060 1835 1145 atque
1889 1071 2150 1145 aspera
2185 1047 2500 1145 hiempS,

324 1160 403 1221 ut
465 1147 901 1221 inmanitate
971 1147 1266 1241 frigoris
1336 1149 1584 1220 nullae
1654 1148 2222 1245 praeteritorum
2276 1172 2499 1220 anno·

322 1271 489 1320 rum
540 1247 766 1319 hiemi
818 1246 1192 1318 videretur
1243 1271 1485 1343 posse?
1523 1247 1862 1319 conferri.

478 1347 649 1420 764.
728 1346 883 1418 Rex
935 1344 1323 1444 Pippinus,
1379 1346 1728 1420 distracto
1785 1347 1856 1418 in
1911 1346 2205 1418 diversa
2257 1343 2500 1417 animo

322 1455 630 1559 propter
655 1446 800 1517 duo
841 1445 1060 1542 bella,
1112 1446 1675 1542 Aquitanicam
1653 1471 1805 1518 iam
1839 1446 2012 1518 olim
2048 1456 2502 1543 susceptum,

325 1558 399 1620 et
446 1545 909 1619 Baioaricum
960 1555 1265 1644 propter
1316 1547 1719 1620 Tassilonis
1775 1546 2000 1618 ducis
2012 1546 2503 1618 defectionem

328 1646 923 1744 suscipiendum,
1013 1646 1264 1743 populi
1351 1647 1464 1718 sui
1543 1646 1979 1743 generalem
2060 1657 2507 1719 conventum

324 1745 579 1819 habuit
629 1746 706 1817 in
736 1745 1154 1817 Wormacia
1208 1745 1521 1819 civitate.
1598 1746 1987 1842 Dilataque
2041 1745 2116 1818 in
2169 1747 2501 1819 futurum

329 1847 834 1943 expeditione,
900 1844 1027 1917 illo
1083 1869 1274 1916 anno
1344 1845 1546 1919 domi
1599 1869 1680 1918 se
1735 1845 2108 1920 continuit.
2210 1846 2507 1918 Hiema-

326 1947 574 2060 vitque
626 1945 700 2016 in
753 1945 928 2017 villa
982 1943 1387 2042 Carisiaco,
1443 1957 1661 2042 atque
1713 1945 1789 2018 in
1841 1969 1928 2018 ea
1982 1946 2307 2018 natalem
2360 1946 2504 2018 Do-

329 2046 508 2117 mini
564 2057 638 2118 et
686 2054 1028 2117 sanctum
1101 2045 1468 2142 paschalis
1533 2046 1706 2119 festi
1760 2046 2124 2119 sollemne
2177 2045 2504 2121 celebra-

328 2145 455 2218 vit.
543 2144 820 2216 Eodem
876 2166 1066 2216 anno
1122 2144 1415 2250 eclipsis
1469 2144 1648 2218 solis
1700 2146 1895 2218 facta
1949 2155 2064 2219 est
2093 2145 2329 2245 primo
2387 2147 2508 2219 die

329 2238 514 2317 Non.
570 2244 723 2317 Iun.
777 2244 962 2316 hora
1025 2254 1254 2317 sexta.

430 2344 598 2417 765.
676 2345 833 2416 Hoc
883 2368 1074 2416 anno
1140 2368 1268 2416 rex
1320 2345 1674 2442 Pippinus
1728 2346 1928 2419 domi
1993 2369 2075 2418 se
2128 2345 2509 2441 continuit,

332 2466 573 2541 neque
624 2456 930 2541 propter
979 2443 1492 2541 Aquitanicum
1548 2446 1885 2539 bellum,
1938 2444 2273 2542 quamvis
2326 2470 2508 2516 non-

336 2543 512 2615 dum
565 2541 897 2637 finitum,
949 2546 1160 2637 regni
1214 2544 1328 2617 sui
1370 2545 1728 2617 terminos
1781 2567 2128 2640 egressus
2183 2556 2321 2639 est,
2376 2544 2511 2617 sed

333 2642 760 2739 generalem
813 2643 1066 2754 populi
1121 2644 1233 2716 sui
1276 2655 1723 2717 conventum
1775 2644 1847 2717 in
1888 2644 2252 2718 Attiniaco
2306 2643 2507 2735 villa,

332 2743 638 2817 hiberna
689 2741 1134 2840 Aquisgrani
1185 2742 1483 2843 habuit,
1536 2746 1661 2817 ubi
1715 2756 1790 2818 et
1841 2747 2166 2819 natalem
2215 2743 2511 2817 Domini

336 2855 410 2917 et
462 2843 736 2942 pascha
794 2842 1269 2916 celebravit.

482 2944 651 3018 766.
730 2942 1075 3040 Pippinus
1139 2968 1269 3016 rex
1335 2956 1642 3042 propter
1706 2883 2248 3018 conficiendum
2292 2944 2515 3041 Aqui-

334 3042 661 3116 tanicum
698 3041 978 3114 bellum
1009 3054 1374 3117 conventu
1407 3045 1822 3118 Aurelianis
1854 3044 2131 3142 habito,
2184 3044 2258 3117 in
2290 3045 2511 3140 Aqui-

286 3141 610 3214 -taniam
678 3143 1095 3240 profectuS,
1167 3143 1601 3217 distructum
1655 3169 1698 3215 a
1748 3144 2100 3216 Waifario
2155 3146 2513 3238 Argento-

333 3238 685 3338 1nagum1
757 3253 1077 3315 castrum
1131 3241 1587 3340 reaedificat,
1658 3243 2143 3344 depositoque
2194 3242 2294 3316 ibi
2346 3268 2513 3317 nec-

339 3366 485 3414 non
559 3353 631 3414 et
698 3341 770 3414 in
840 3340 1161 3415 Biturica
1233 3341 1526 3415 civitate
1593 3337 2042 3415 Francorum
2118 3343 2513 3442 praesidio,

337 3441 778 3535 regreditur,
817 3445 1288 3539 natalemque
1318 3442 1612 3515 Domini
1646 3442 2209 3542 Salmonc1ac12,
2240 3446 2516 3543 pascha

335 3563 514 3611 vero
570 3541 954 3614 Gentiliaci
1024 3542 1446 3616 celebravit.

333 3657 338 3661 '
488 3639 657 3721 767.
738 3640 941 3712 Orta
938 3643 1380 3755 quaestione
1436 3642 1527 3713 de
1582 3653 1832 3715 sancta
1885 3643 2242 3718 Trinitate
2295 3652 2369 3714 et
2423 3641 2516 3713 de

339 3750 763 3822 sanctorum
818 3739 1257 3835 imaginibus
1321 3743 1512 3814 inter
1569 3742 2002 3816 orientalem
2055 3755 2130 3816 et
2184 3740 2516 3816 occiden-

341 3833 566 3911 talem
621 3838 1051 3936 ecclesiam,
1123 3840 1196 3911 id
1263 3853 1378 3914 est
1427 3842 1802 3916 Romanos
1858 3855 1930 3915 et
1984 3844 2334 3937 Graecos,
2388 3866 2521 3914 rex

338 3938 733 4038 Pippinus,
806 3949 1168 4012 conventu
1223 3940 1296 4012 in
1352 3942 1756 4015 Gentiliaco
1809 3942 1984 4018 villa
2039 3954 2517 4039 congregatO,

344 4090 391 4158 1)
429 4088 739 4161 Argenton,
797 4108 827 4144 a
866 4090 1091 4145 meridie
1129 4100 1182 4145 et
1219 4092 1500 4148 occidente
1550 4093 1737 4188 oppidi
1775 4090 2169 4151 Chateauroux.
2314 4094 2369 4166 2)
2409 4091 2520 4148 Sa-

342 4179 539 4234 moucy
574 4181 745 4236 prope
791 4162 835 4220 L
840 4162 1475 4237 ugdunum-Clavatum.
