3027 4904
1137 366 1216 438 A.
1273 365 1508 440 767-
1525 367 1690 438 769.
2411 367 2495 436 ll

331 573 556 622 uxore
626 557 705 620 et
766 545 1090 640 familia,
1169 571 1336 619 cum
1408 546 1751 620 omnibus
1820 546 2051 645 copiis
2103 545 2196 619 ad
2248 570 2501 645 perse-

330 649 705 747 quendum
756 645 1194 721 Waifarium
1246 648 1513 721 ducem
1567 647 1897 720 animum
1949 646 2297 742 intendit,
2365 671 2506 721 nec

329 750 534 848 prius
604 749 926 844 destitit,
1008 772 1228 844 quam
1307 760 1434 821 aut
1499 759 1798 844 caperet
1868 759 1992 821 aut
2055 747 2507 821 interficeret

329 849 835 923 rebellantem.
963 847 1362 922 Interfecto
1442 848 1668 944 igitur
1749 849 1933 921 duce
2005 846 2361 921 waifario
2428 848 2504 921 in

330 948 711 1024 territorio
750 945 1294 1043 Petragorico1,
1367 949 1890 1045 confectoque,
1965 957 2049 1020 ut
2114 947 2254 1022 sibi
2304 949 2504 1022 vide-

330 1049 581 1146 batur,
659 1049 1093 1145 Aquitanico
1164 1047 1402 1144 bello,
1497 1047 1869 1123 Santonas
1945 1071 2291 1121 reversus
2370 1058 2501 1121 est.

333 1152 666 1246 Cumque
718 1148 819 1219 ibi
854 1149 1306 1245 aliquantum
1359 1148 1719 1246 temporis
1772 1158 2215 1242 moraretur,
2270 1147 2505 1243 aegri-

331 1249 586 1323 tudine
640 1247 999 1321 decubuit.
1078 1249 1161 1321 ln
1214 1248 1375 1344 ipsa
1423 1259 1679 1321 tamen
1727 1248 2131 1323 valitudine
2171 1250 2509 1321 Turonos

334 1351 665 1443 delatuS,
766 1349 958 1445 apud
1054 1350 1288 1422 sancti
1363 1348 1656 1421 Martini
1733 1348 2173 1421 memoriam
2252 1347 2507 1421 oravit.

330 1449 511 1522 Inde
585 1471 750 1520 cum
818 1448 912 1520 ad
982 1448 1300 1521 Parisios
1367 1448 1735 1544 venisset,
1806 1448 1873 1522 8.
1941 1449 2099 1521 Kal.
2167 1447 2508 1522 Octobris

335 1549 531 1622 diem
590 1547 807 1642 obiit,
874 1548 1080 1621 cuius
1153 1572 1419 1645 corpus
1474 1548 1548 1619 in
1600 1547 1903 1621 basilica
1956 1547 2147 1621 beati
2200 1547 2510 1622 Dionisii

332 1647 657 1722 martiris
726 1649 1115 1721 humatum
1178 1659 1314 1721 est.
1435 1648 1596 1720 Filii
1648 1672 1826 1722 vero
1878 1649 2148 1721 Karlus
2201 1658 2278 1720 et
2326 1649 2509 1721 Kar-

333 1750 725 1821 lomannus
762 1773 1126 1822 consensu
1172 1748 1503 1821 omnium
1527 1747 1974 1822 Francorum
2006 1771 2224 1844 reges
2256 1748 2507 1845 creati,

336 1859 411 1921 et
472 1849 738 1921 Karlus
807 1849 881 1920 in
934 1846 1345 1922 Noviomo²
1421 1847 1757 1944 civitate,
1836 1850 2380 1922 Karlomannus
2433 1848 2508 1921 in

333 1948 712 2022 Suessona
761 1946 1077 2045 insignia
1141 1947 1354 2044 regni
1423 1947 1977 2047 susceperunt-⁰³.
2065 1948 2507 2047 Karlusque,

335 2049 460 2146 qui
536 2047 772 2119 maior
849 2060 1026 2122 natu
1099 2059 1298 2144 erat,
1373 2049 1835 2145 Aquasgrani
1913 2049 2335 2147 profectus,
2411 2048 2512 2121 ibi

333 2147 660 2220 natalem
713 2147 1043 2249 Domini,
1116 2161 1192 2223 et
1257 2149 1332 2220 in
1396 2149 1810 2245 Ratumago
1876 2148 2169 2225 civitate
2235 2150 2513 2247 pascha

336 2246 755 2322 celebravit.
1917 2272 1922 2277 ’

483 2348 653 2423 769.
732 2348 1128 2444 Postquam
1194 2347 1299 2419 hii
1351 2346 1496 2420 duo
1552 2349 1821 2422 fratres
1873 2347 2064 2445 patri
2116 2349 2513 2421 succeden-

335 2460 451 2522 tes
513 2471 830 2542 regnum
898 2446 1091 2522 inter
1157 2472 1240 2521 se
1310 2447 1561 2545 partiti
1615 2461 1827 2544 sunt,
1905 2447 2290 2543 Aquitania
2342 2472 2512 2545 pro-

335 2546 612 2643 vincia,
697 2569 885 2642 quae
960 2547 1036 2618 in
1105 2555 1386 2618 sortem
1453 2547 1756 2620 maioris
1821 2556 1996 2619 natu
2046 2547 2249 2619 Karli
2313 2548 2514 2643 regis

338 2656 701 2742 cesserat,
780 2645 1331 2720 remanentibus
1399 2646 1471 2718 in
1527 2671 1635 2734 ,ea
1699 2646 2052 2720 transacti
2119 2646 2294 2719 belli
2346 2649 2516 2722 reli·

339 2747 550 2843 quiis,
605 2745 1128 2843 conquiescere
1179 2770 1327 2819 non
1359 2747 1612 2844 potuit.
1692 2749 1878 2820 Nam
1922 2748 2307 2821 Hunoldus
2361 2747 2516 2846 qui·

337 2846 510 2919 dam
573 2869 888 2941 regnum
959 2847 1385 2943 adfectans,
1455 2846 2017 2946 provincialium
2085 2848 2370 2922 animos
2425 2848 2517 2920 ad

345 2969 538 3018 nova
591 2945 968 3019 molienda
1022 2949 1430 3022 concitavit.
1539 2950 1807 3023 Contra
1862 2972 2081 3044 quem
2131 2948 2328 3047 ipse,
2401 2948 2519 3046 cui

340 3045 604 3118 eadem
655 3046 1031 3144 provincia
1083 3058 1284 3120 sorte
1340 3046 1787 3142 obvenerat,
1842 3072 1972 3121 rex
2023 3049 2293 3121 Karlus
2347 3072 2514 3120 cum

340 3145 662 3219 exercitu
726 3148 1104 3244 profectus
1173 3159 1306 3220 est.
1410 3147 1561 3220 Sed
1627 3171 1794 3221 cum
1862 3146 2113 3220 fratris
2165 3148 2517 3220 auxilium

339 3245 613 3319 habere
681 3270 829 3318 non
898 3256 1191 3344 posset,
1259 3247 1382 3344 qui
1451 3270 1845 3344 procerum
1914 3271 2228 3319 suorum·
2285 3272 2515 3347 pravo

344 3377 391 3447 1)
427 3378 747 3451 Perigueux.
904 3378 958 3451 2)
997 3376 1210 3452 Noyon.
1369 3377 1421 3449 3)
1459 3378 1667 3434 Karolo
1704 3390 1920 3450 praeter
1965 3381 2242 3435 dimidiam
2281 3380 2521 3454 Aquita-

340 3452 487 3502 niam
540 3453 804 3516 borealis,
856 3451 1012 3506 fratri
1072 3453 1437 3507 meridionalis
1488 3471 1548 3508 re
1589 3454 1644 3507 ni
1681 3452 2009 3507 Francorum
2060 3456 2240 3526 portio
2279 3456 2516 3511 obvenit.

341 3521 546 3575 Karolo
586 3542 633 3577 e.
658 3544 708 3595 g.
748 3522 1055 3595 Andegavi,
1093 3524 1485 3596 Rotomagum,
1575 3527 1864 3593 oviomum,
1902 3524 2174 3581 Andriaca
2207 3528 2352 3594 villa,
2391 3545 2520 3583 mo-

342 3595 577 3648 nasteria
610 3594 665 3648 S.
704 3594 913 3651 Bertini
955 3608 1008 3653 et
1046 3595 1412 3663 Corbeiense,
1466 3597 1855 3666 valentianae,
1905 3597 2204 3667 Leodium,
2243 3599 2521 3654 Haristal-

343 3668 508 3732 lium,
546 3665 762 3738 Aquae,
802 3668 1002 3734 Duria,
1041 3667 1353 3726 Traiectum
1393 3670 1653 3742 inferius,
1695 3669 1909 3737 Gorzia,
1947 3672 2227 3745 Moguntia
2267 3683 2321 3726 et
2343 3670 2521 3726 Wor-

342 3740 534 3805 matia,
584 3740 818 3812 ideoque
852 3738 1138 3796 Neustriae
1175 3753 1230 3797 et
1262 3741 1584 3798 Austrasiae‘
1625 3762 1750 3814 pars
1788 3745 2058 3808 borealia,
2107 3744 2276 3798 Frisia
2299 3786 2314 3810 ,
2374 3753 2521 3800 certe

344 3822 399 3868 et
434 3811 733 3884 Thuringia
790 3830 912 3866 cum
970 3812 1220 3869 Baioaria
1260 3826 1564 3882 cesserunt3
1626 3818 1682 3871 in
1731 3817 2090 3873 Karlomanni
2142 3817 2345 3872 ditione
2381 3835 2431 3871 ν.
2472 3837 2519 3872 c.

346 3885 731 3940 monasterium
768 3884 1162 3956 Argentoilum,
1202 3887 1418 3950 Parisii,
1457 3887 1807 3956 Suessiones,
1865 3889 2320 3956 salmontiacum,
2374 3887 2521 3944 Cor-

344 3959 646 4024 bonacum,
682 3957 1047 4026 Attiniacum,
1091 3960 1319 4027 Pontio,
1359 3960 1673 4018 Theodonis
1709 3963 1854 4028 villa,
1890 3962 2121 4029 Mettae,
2177 3961 2519 4030 viridunum,

347 4029 806 4098 Calmuntiacum,
860 4031 1285 4104 Brocomagum,
1330 4031 1614 4091 Neustriae
1656 4045 1711 4090 et
1743 4034 2056 4090 Austrasiae
2092 4055 2215 4107 pars
2252 4037 2525 4092 meridio-

347 4106 516 4172 nalis,
548 4103 886 4233 tSeptimania
907 4148 921 4172 ,
975 4104 1286 4178 Burgundia
1307 4147 1321 4174 ‚
1356 4106 1677 4176 Provincia,
1727 4105 1932 4166 Alsatia
1968 4118 2022 4165 et
2055 4108 2377 4166 Alamannia
2416 4126 2521 4164 oc·-

347 4195 544 4232 currun
571 4217 584 4234 .
