3027 4904
573 336 669 414 32
1186 333 1650 413 ElNHARDI,
1689 336 2121 415 ANNALES

570 515 963 605 multitudo
1037 528 1296 598 eorum
1366 518 2198 614 caesa„.multi.etiam
2251 543 2342 592 ex
2393 521 2540 619 eiS,
2613 522 2739 620 qui

567 612 715 715 per‘
756 619 1014 712 fugam
1081 617 1397 697 evadere
1450 617 1730 713 conati,
1793 618 2211 693 Danubium
2263 631 2557 695 tranare
2607 647 2737 696 vo.-

569 720 898 812 luerunt,
952 716 1369 813 gurgitibus
1420 716 1744 790 fluminis
1799 718 2123 792 absorbti
2160 732 2347 794 sunt.
2419 721 2738 797 *Interea

570 814 1540 915 ,Constantinusimperator
1579 829 1893 916 *propter
1944 830 2292 914 negatam
2348 821 2486 893 sibi
2538 823 2738 917 regis

568 916 800 994 filiam
850 911 1645 1012 iratus,..Theodorum
1697 917 2124 1016 patricium,
2178 919 2473 993 Siciliae
2524 946 2739 1020 prae-

570 1019 888 1112 fectum,
941 1039 1109 1093 cum
1163 1016 1325 1089 aliis
1376 1017 1684 1093 ducibus
1738 1018 1891 1093 suis
1943 1017 2130 1093 fines
2183 1019 2739 1096 Beneventano-

569 1141 737 1191 rum
772 1127 1102 1199 ,vastare
1169 1116 1443 1193 iussit„
1504 1118 1900 1207 -Quizcum
1960 1117 2320 1217 imperata
2384 1144 2737 1219 exsequeq·

568 1228 824 1297 rentur
841 1260 889 1312 ,a
928 1215 1397 1311 Grimoldus,
1461 1217 1583 1314 qui
1642 1218 2155 1303 eodem..a‚nno
2197 1231 2369 1319 post
2416 1233 2740 1297 mortem

568 1316 795 1417 pastris
848 1315 993 1388 dux
1047 1315 1585 1394 Beneventanis
1639 1341 1681 1390 a
1731 1341 1910 1412 rege
1964 1319 2180 1393 datus
2234 1332 2384 1415 est,
2425 1333 2535 1395 ·et
2584 1321 2737 1395 Hil-

568 1416 994 1511 djihrandus,
1049 1415 1196 1489 dux
1233 1415 1791 1514 Spolitinorum,
1845 1440 2014 1504 cum
2066 1418 2295 1516 copiis
2350 1444 2532 1517 quas
2569 1445 2739 1494 con-

569 1539 895 1614 gregare*
964 1526 1407 1615 potuerunt,
1490 1514 1564 1588 in
1643 1512 2010 1591 Calabria>
2051 1516 2158 1589 eis
2237 1533 2738 1617 occurrerunt,

568 1617 949 1695 habentes,
1012 1639 1267 1689 secum
1342 1617 1677 1710 legatum
1754 1615 1964 1710 regis
2039 1615 2525 1714 winigisum,
2613 1621 2738 1717 qui

567 1726 831 1815 postea
888 1716 982 1787 ·in-
1043 1714 1321 1791 ducatu
1368 1713 1752 1811 ,spolitino
1820 1714 2302 1791 Hildibrando·
2352 1719 2733 1793 successit.

571 1815 1134 1910 Commissoque
1203 1813 1525 1912 proelio,
1596 1814 2037 1888 inmodicam
2103 1839 2196 1889 ex
2249 1816 2355 1893 eis
2405 1819 2735 1894 multitu·
2843 1893 2853 1901 ,

570 1916 821 2009 dinem
865 1914 1339 2009 oeciderunt,
1384 1938 1518 1994 vao
1577 1914 1737 1990 sine
1797 1938 1939 1989 suo
2011 1930 2462 2013 suorumque
2524 1920 2737 2014 gravi

568 2013 951 2113 dispendio
1021 2013 1333 2087 victores
1408 2013 1616 2110 facti,
1692 2032 2048 2110 magnum
2115 2015 2577 2115 captivorum
2650 2043 2738 2093 ac

567 2115 976 2214 spoliorum
1023 2137 1414 2193 numerum
1466 2114 1541 2188 in
1594 2139 1724 2188 sua
1779 2127 2036 2189 castra,
2069 2117 2518 2211 retulerunt..
2583 2118 2740 2191 Rex

567 2227 824 2297 autem,
866 2206 1406 2291 inBaioariam
1455 2217 1860 2312 profectus,
1917 2215 2234 2291 eandem
2281 2217 2741 2314 provinciam

567 2339 735 2389 oum
787 2312 938 2387 suis
988 2313 1323 2391 terminis
1375 2314 1740 2389 ordinavit
1791 2327 2009 2412 atque
2063 2316 2463 2414 disposuit,
2517 2329 2740 2415 atque

567 2415 738 2492 inde
774 2436 1246 2512 regressus,
1343 2414 1417 2487 in
1479 2414 1916 2513 Aquisgrani
1999 2416 2269 2514 palatio
2348 2439 2533 2513 suo,
2615 2416 2739 2492 ubi

566 2516 1073 2612 hiemaverat,
1139 2527 1225 2590 et,
1280 2514 1822 2592 diemDomini
1898 2517 2321 2592 natalicium
2374 2529 2736 2592 sanctum-

566 2631 706 2715 que
758 2616 1035 2712 pascha
1085 2629 1294 2694 more
1350 2616 1666 2692 solemni
1718 2616 2136 2691 celebravit.

717 2714 884 2793 789.
930 2716 1169 2792 ,Natio
1237 2715 1600 2811 quaedam
1669 2716 2382 2790 Sclavenorumssest
2430 2716 2503 2788 in
2556 2717 2735 2790 Ger-

567 2815 855 2910 mania,
934 2813 1203 2887 sedens
1273 2838 1499 2912 super
1575 2814 1748 2886 litus
1813 2816 2107 2910 oceani,
2187 2838 2374 2911 quae
2437 2816 2736 2914 propria

569 2915 823 3011 lingua
891 2913 1296 3009 Welatabi,
1372 2913 1720 2990 Francica
1773 2925 2024 2988 autem
2090 2915 2339 2988 Wiltzi
2411 2927 2734 2989 vocatur.

565 3015 671 3087 Ea
741 3013 1042 3087 Francis
1110 3036 1407 3111 semper
1475 3014 1803 3108 inimica,
1884 3026 1956 3088 et
2020 3014 2300 3088 vicinos
2365 3040 2541 3089 suos
2613 3019 2734 3112 qui

564 3115 861 3190 Francis
929 3115 1051 3188 vel
1119 3114 1423 3189 subiecti
1483 3115 1607 3188 vel
1657 3114 2018 3190 foederati
2071 3126 2350 3209 erant,¹
2390 3114 2576 3188 odiis
2625 3115 2735 3186 in-

566 3216 874 3311 sectari,
963 3214 1306 3312 belloque
1398 3238 1741 3314 premere
1832 3239 1919 3288 ac
2003 3215 2348 3289 lacessire
2425 3212 2732 3286 solebat.

568 3316 791 3390 Cuius
855 3314 1323 3390 insolentiam
1388 3338 1520 3386 rex
1582 3313 1876 3409 longius
1948 3314 2085 3386 sibi
2150 3337 2295 3385 non
2349 3311 2736 3386 ferendam

565 3426 813 3510 ratus,
866 3412 1063 3486 bello
1118 3436 1283 3485 eam
1338 3412 1639 3508 adgredi
1695 3412 1976 3508 statuit,
2031 3420 2573 3510 conparatoque
2626 3411 2734 3484 in·

567 3514 772 3609 genti
848 3512 1212 3607 exercitu,
1297 3511 1636 3584 Rhenum
1712 3509 1908 3609 apud
1978 3510 2360 3584 Coloniam
2429 3511 2733 3585 traiecit.

565 3612 746 3694 Inde
810 3635 945 3708 per
1013 3611 1412 3686 Saxoniam
1486 3611 1625 3685 iter
1696 3634 1966 3707 agens,
2053 3635 2221 3683 cum
2288 3610 2375 3686 ad
2442 3612 2735 3684 Albiam

566 3711 1065 3811 pervenisset,
1120 3711 1375 3785 castris
1427 3711 1500 3784 in
1546 3711 1706 3809 ripa
1756 3711 2044 3809 positis,
2097 3734 2396 3784 amnem
2446 3711 2734 3784 duobus

566 3812 917 3911 pontibus
987 3810 1256 3908 iunxit,
1330 3836 1647 3908 quorum
1698 3836 1928 3884 unum
1981 3836 2072 3884 ex
2123 3821 2438 3908 utroque
2493 3810 2731 3907 capite

565 3912 764 3992 vallo
798 3912 1139 3985 'munivit
1201 3923 1277 3985 et
1326 3911 1645 4009 inposito
1698 3911 2064 4009 praesidio
2120 3909 2461 3990 firmavit,
2564 3909 2735 4006 Ipse

566 4010 793 4085 fluvio
868 4011 1218 4107 transito,
1296 4037 1438 4109 quo
1505 4010 1988 4090 constituerat
2046 4010 2451 4090 exercitum
2504 4006 2735 4104 duxit,

565 4113 1094 4211 ingressusque
1164 4112 1603 4188 Wiltzorum
1681 4124 2002 4210 terram,
2065 4121 2342 4186 ‘cuncta
2410 4109 2609 4184 ferro
2663 4120 2740 4183 et
