3027 4904
1126 372 1207 443 A.
1262 373 1427 447 809.
1480 372 1647 447 810.
2380 374 2477 448 59

311 547 478 620 fridi
542 572 678 648 per
755 549 1008 623 dolum
1069 552 1536 626 interfectus.
1571 560 1746 626 est.'
1831 549 1980 623 Sed
2050 550 2475 651 imperator,

309 659 699 745 postquam
755 651 954 723 locus
1007 652 1281 724 civitati
1335 650 1891 724 constituendae
1944 651 2186 725 fuerat
2227 654 2477 749 explo—

310 757 541 842 ratus,
592 748 996 844 Egbertum
1032 751 1379 824 comitem
1433 752 1604 823 huic
1654 750 1953 845 negotio
2007 753 2476 847 exsequendo

308 848 767 944 praeficiens,
814 850 1060 922 Albim
1094 852 1402 924 traicere
1437 863 1511 925 et
1548 852 1792 923 locum
1836 850 2049 922 iussit
2083 873 2473 949 occupare.

308 946 440 1019 Est
509 958 757 1021 autem
823 950 1028 1022 locus
1099 974 1323 1049 super
1391 950 1630 1048 ripam
1707 945 2040 1023 Sturiae1
2124 949 2474 1048 fluminiS,

308 1046 663 1118 vocabulo
734 1049 1171 1144 Esesfetth2,
1239 1062 1314 1123 et
1378 1061 1776 1147 occupatus
1845 1060 1958 1121 est
2007 1049 2098 1121 ab
2151 1050 2474 1145 Egberto

308 1157 383 1218 et
418 1147 810 1219 comitibus
844 1148 1220 1223 Saxonicis
1261 1150 1451 1222 circa
1497 1151 1672 1222 Idus
1718 1148 2045 1239 Martias,
2099 1161 2177 1222 et
2204 1148 2475 1222 muniri

307 1258 633 1343 coeptus.
732 1250 1119 1322 *Aureolus
1165 1273 1452 1346 comeS,
1523 1250 1646 1346 qui
1698 1248 1772 1320 in
1828 1249 2257 1321 commertio
2311 1250 2474 1322 His·

304 1346 565 1441 paniae
621 1358 836 1443 atque
888 1349 1173 1421 Galliae
1223 1361 1429 1422 trans
1469 1348 1841 1421 Pirineum
1894 1360 2150 1421 contra
2204 1350 2475 1423 Oscam

309 1456 383 1516 et
460 1446 1124 1542 Caesaraugustam
1202 1449 1616 1546 residebat,
1697 1449 2085 1522 defunctus
2164 1460 2311 1544 est,
2399 1459 2477 1522 et

304 1544 662 1639 Amoroz,
728 1551 1146 1644 praefectus
1214 1551 1868 1643 Caesaraugustae·
1923 1558 2142 1643 atque
2212 1549 2474 1643 Oscae,

304 1643 550 1716 locum
619 1645 778 1719 eius
831 1648 1134 1744 invasit,
1208 1660 1284 1721 et
1347 1648 1420 1720 in
1474 1648 1797 1721 castellis
1860 1647 2055 1720 illius
2107 1647 2472 1744 praesidia

305 1743 687 1842 disposuit,
739 1747 1109 1845 missaque
1149 1749 1244 1819 ad
1296 1749 1820 1845 imperatorem
1859 1747 2253 1841 legatione,
2303 1771 2475 1821 sese

307 1867 474 1915 cum
531 1845 869 1919 omnibus
937 1872 1124 1943 quae
1177 1847 1494 1921 habebat
1556 1848 1630 1919 in
1687 1846 2138 1918 deditionem
2190 1847 2297 1918 illi
2351 1870 2473 1919 ve-

305 1944 463 2015 nire
517 1946 707 2016 velle
758 1948 1118 2043 promisit.
1201 1948 1534 2045 Eclypsis
1589 1949 1807 2019 lunae
1847 1946 2156 2040 contigit
2208 1949 2274 2020 7.
2312 1946 2471 2020 Kal.

246 2093 256 2101 .
304 2042 588 2116 Ianuar.
754 2047 758 2051 ⁴
1823 2070 1828 2077 ·

454 2161 622 2233 810.
675 2163 1033 2258 AmorOZ,
1090 2165 1724 2260 Caesaraugustae
1778 2166 2220 2262 praefectuS,
2275 2176 2474 2264 post-

305 2284 523 2356 quam
560 2262 1025 2359 imperatoris
1066 2264 1287 2360 legati
1325 2265 1415 2337 ad
1467 2289 1635 2336 eum
1692 2277 2211 2363 pervenerunt,
2265 2266 2478 2363 petiit

302 2370 385 2432 ut
437 2362 883 2458 colloquium
932 2363 1144 2437 fieret
1209 2365 1397 2437 inter
1449 2365 1691 2464 ipsum
1746 2376 1822 2438 et
1858 2365 2230 2462 Hispanici
2285 2364 2474 2436 limi-

302 2460 397 2533 tis
471 2461 853 2557 custodes,
916 2463 1351 2561 promittens
1422 2489 1502 2537 se
1570 2465 1644 2536 in
1717 2488 1804 2535 eo
1884 2465 2248 2561 colloquio
2304 2490 2472 2537 cum

304 2560 456 2631 suis
511 2560 853 2633 omnibus
905 2562 979 2634 in
1030 2563 1497 2660 imperatoris
1571 2562 1934 2635 dicionem
2000 2588 2167 2637 esse
2220 2576 2474 2637 ventu-

302 2684 508 2752 rum3
563 2661 756 2755 quod
799 2661 974 2734 licet
1017 2663 1420 2759 imperator
1470 2675 1551 2735 ut
1580 2661 1795 2736 fieret
1831 2664 2232 2759 annuisset,
2286 2664 2474 2736 mul-

301 2760 396 2833 tis
425 2759 1080 2835 intervenientibus
1112 2759 1351 2835 causis
1379 2762 1736 2835 remansit
1763 2762 2136 2835 infectum.
2212 2763 2471 2861 Mauri,

303 2860 393 2931 de
445 2871 599 2933 tota
649 2861 1000 2959 Hispania
1067 2864 1386 2934 maxima
1440 2865 1679 2936 classe
1733 2873 2161 2960 conparata,
2231 2863 2469 2961 primo

304 2958 762 3055 Sardiniam,
816 2962 1081 3034 deinde
1134 2963 1505 3036 Corsicam
1563 2963 2046 3058 appulerunt,
2124 2965 2473 3058 nulloque

303 3059 376 3131 in
432 3082 519 3130 ea
570 3059 868 3134 invento
907 3061 1299 3160 praesidio,
1353 3062 1670 3135 insulam
1725 3085 1962 3158 paene
2014 3072 2247 3133 totam
2302 3061 2472 3132 sub-

305 3170 634 3254 egerunt.
779 3161 1070 3232 Interea
1143 3161 1490 3258 Pippinus
1564 3184 1735 3257 rex,
1821 3158 2130 3257 perfidia
2202 3160 2473 3232 ducum

301 3258 820 3332 veneticorum
901 3259 1280 3356 incitatus,
1382 3258 1777 3331 Veneciam
1861 3258 2054 3331 bello
2129 3270 2473 3357 terraque

303 3359 629 3454 marique
697 3360 905 3435 iussit
973 3371 1362 3458 appetere,
1434 3359 1908 3455 subiectaque
1976 3356 2337 3432 Venecia³
2389 3384 2476 3432 ac

304 3456 607 3530 ducibus
662 3460 817 3534 eius
871 3461 944 3533 in
998 3460 1456 3533 deditionem
1509 3458 1867 3555 acceptiS,
1921 3460 2233 3531 eandem
2289 3460 2472 3532 clas-

304 3579 462 3629 sem
516 3557 606 3627 ad
649 3557 1065 3632 Dalmaciae
1119 3561 1337 3633 litora
1379 3558 1736 3633 vastanda
1785 3557 2003 3631 misit.
2101 3558 2251 3631 Sed
2305 3582 2474 3630 cum

302 3657 598 3748 PauluS,
655 3658 1073 3731 Cefalaniae
1126 3662 1581 3755 praefectuS,
1639 3681 1805 3730 cum
1845 3657 2180 3730 orientali
2234 3659 2472 3730 classe

305 3755 394 3828 ad
463 3755 809 3827 auxilium
862 3758 1218 3831 Dalmatis
1286 3759 1671 3831 ferendum
1727 3756 2197 3851 adventaret,
2264 3755 2472 3852 regia

307 3927 353 3998 1)
393 3925 521 3982 Stfir
558 3927 614 3979 in
650 3923 912 3982 Holsatia.
1066 3927 1117 3999 2)
1157 3927 1389 3987 Itzehoe.
1565 3925 1617 3997 3)
1655 3924 1718 3979 Pi
1758 3926 1943 3997 pinum
1982 3942 2091 3978 non
2129 3943 2315 3982 omnes
2354 3925 2475 3982 Ve-

302 4009 549 4056 netorum
592 3999 794 4054 insulas
819 4000 1135 4065 obtinuisse,
1173 4002 1267 4056 sed
1307 4008 1467 4072 ponte
1504 4000 1680 4053 navali
1710 3946 1905 4051 Kivum
1943 3998 2107 4051 altum
2144 4016 2471 4072 aggressum,

305 4081 618 4152 tempcsuite
672 4072 849 4126 subito
888 4082 1071 4127 coorta
1110 4074 1177 4127 ab
1214 4074 1429 4144 incepto
1469 4072 1729 4126 desistere
1768 4078 2010 4124 coactum
2049 4090 2196 4139 esse,
2252 4091 2318 4130 ex
2353 4071 2473 4127 Ve-

307 4139 550 4199 netoffim
590 4145 1129 4212 chronicispconstau
1179 4163 1229 4199 v,
1267 4145 1413 4200 Mon.
1454 4142 1636 4198 Germ.
1677 4139 1776 4197 SS.
1816 4141 1879 4197 T.
1916 4141 2036 4196 Vll.
