3027 4904
1111 360 1192 430 A.
1250 355 1417 428 821.
1473 356 1639 430 822.
2360 362 2453 436 83

206 602 213 607 .
287 562 452 611 cum
504 539 867 637 episcopis
923 550 997 613 et
1049 537 1524 635 optimatibus
1577 536 1730 611 suis
1782 537 2055 636 habim,
2108 541 2455 615 fratribus

287 638 481 732 suiS‚
536 662 720 734 quos
773 639 1040 712 invitos
1092 638 1400 712 tondere
1451 637 1701 732 iussit⁷
1754 640 2266 714 reconciliatus
2318 653 2455 735 est,

287 749 361 810 et
410 749 565 809 tam
615 738 705 810 de
757 739 896 810 hoc
960 739 1197 832 facto,
1273 760 1496 832 quam
1561 747 1635 808 et
1697 735 1788 807 de
1856 738 1972 810 his
2038 762 2225 835 quae
2277 763 2454 835 erga

281 835 833 932 Bernhardum‚
905 835 1137 908 filium
1192 835 1442 908 fratris
1495 834 1608 907 sui
1659 833 1987 933 pippini,
2041 861 2325 911 necnon
2379 849 2457 911 et

281 935 399 1007 his
474 960 659 1032 quae
738 936 926 1008 circa
994 935 1498 1007 Adalhardum
1579 932 1921 1006 abbatem
1996 948 2072 1010 et
2144 938 2453 1009 fratrem

283 1033 441 1107 eius
494 1035 887 1107 Walahum
940 1045 1151 1128 gesta
1203 1043 1413 1129 sunt7
1478 1032 1855 1130 publicam
1909 1036 2455 1109 confessionem

279 1133 456 1207 fecit
507 1146 582 1207 et
631 1133 1157 1230 poenitentiam
1215 1133 1408 1229 egit,
1465 1132 1660 1228 quod
1711 1144 1964 1205 tamen
2015 1134 2086 1206 in
2141 1158 2231 1207 eo
2284 1159 2452 1209 con«-

280 1242 502 1304 ventu
560 1256 780 1330 quem
836 1232 1096 1304 eodem
1165 1255 1356 1303 anno
1421 1254 1680 1303 mense
1731 1233 2061 1327 Augusto
2112 1233 2455 1308 Attiniaci

279 1330 573 1427 hahuit,
627 1332 700 1404 in
752 1331 1169 1428 praesentia
1219 1330 1445 1406 totius
1496 1330 1751 1428 populi
1816 1331 1929 1403 sui
1981 1333 2308 1429 peregit3
2379 1333 2452 1405 in

282 1454 425 1525 quo
480 1430 818 1527 quicquid
874 1431 1225 1504 similium
1277 1453 1529 1502 rerum
1580 1430 1700 1501 vel
1754 1453 1797 1500 a
1851 1454 1932 1502 se
1983 1432 2104 1503 vel
2156 1456 2196 1503 a
2244 1440 2453 1527 patre

283 1551 416 1601 suo
457 1531 733 1602 factum
765 1531 1096 1603 invenire
1134 1528 1398 1626 potuit,
1452 1552 1746 1602 summa
1784 1529 2175 1603 devotione
2205 1554 2453 1602 emen·

283 1628 458 1700 dare
511 1629 812 1701 curavit.
915 1629 1292 1701 Exercitus
1347 1629 1438 1699 de
1489 1628 1699 1700 Italia
1752 1640 2054 1725 propter
2097 1628 2455 1702 Liudewi·

279 1727 506 1800 ticum
576 1728 854 1800 bellum
921 1727 1458 1801 conficiendum
1524 1727 1595 1798 in
1661 1728 2111 1799 Pannoniam
2180 1729 2451 1802 missus

278 1837 417 1920 est,
473 1826 562 1898 ad
619 1827 827 1900 cuius
880 1827 1278 1900 adventum
1323 1825 1791 1922 Liudevvitus7
1844 1823 2118 1900 Siscia1
2163 1826 2452 1901 civitate

278 1924 558 2022 relicta,
612 1927 704 1999 ad
760 1926 1111 2023 Sorabos⁷
1163 1949 1350 2023 quae
1403 1925 1602 1998 natio
1655 1948 2006 2020 magnam
2038 1926 2450 1999 Dalmatiae

277 2035 568 2121 partem
618 2024 953 2099 obtinere
1006 2025 1310 2119 dicitur,
1390 2024 1743 2118 fugiendo
1811 2048 1893 2096 se
1947 2025 2295 2121 contulit,
2376 2036 2451 2098 et

280 2146 423 2194 uno
491 2146 580 2195 ex
656 2123 959 2197 ducibus
1023 2147 1280 2198 eorum
1331 2147 1403 2192 «a
1481 2147 1623 2219 quo
1707 2134 2048 2221 receptus
2123 2135 2240 2196 est
2316 2149 2451 2220 per

277 2220 526 2293 dolum
580 2222 1010 2321 interfecto,
1089 2222 1454 2296 civitatem
1526 2222 1684 2294 eius
1757 2222 1827 2293 in
1884 2246 2095 2295 suam
2161 2223 2450 2318 redegit

276 2320 662 2394 dicionem.
779 2323 1024 2396 Missis
1073 2334 1320 2395 tamen
1377 2321 1471 2392 ad
1526 2322 1929 2394 exercitum
1980 2322 2447 2419 imperatoris

276 2420 543 2515 legatis
596 2419 786 2517 suis,
860 2423 954 2494 ad
1023 2421 1180 2496 eius
1244 2420 1737 2519 praesentiam
1804 2443 1885 2494 se
1949 2422 2142 2493 velle
2195 2421 2446 2494 venire

274 2519 636 2616 promisit.
762 2521 1094 2594 Saxones
1167 2519 1452 2594 interea
1522 2520 1727 2592 iussu
1795 2519 2261 2617 imperatoris
2330 2544 2445 2593 ca-·

276 2619 576 2691 stellum
648 2620 1018 2716 quoddam
1084 2632 1290 2693 trans
1356 2619 1646 2692 Albiam
1715 2618 1788 2691 in
1860 2621 2022 2691 loco
2094 2621 2207 2691 cui
2278 2620 2444 2692 Del-

274 2716 568 2790 bende²
619 2742 887 2790 nomen
953 2719 1376 2813 aedificant,
1454 2718 1784 2816 depulsis
1851 2742 1940 2791 ex
1991 2743 2081 2791 eo
2135 2719 2445 2815 sclavis,

274 2816 395 2913 qui
449 2817 659 2890 illum
711 2818 918 2916 prius
972 2831 1532 2918 occupaverant,
1585 2817 2179 2929 praesidiumque
2219 2819 2446 2892 Saxo-

275 2939 448 2986 num
530 2916 602 2988 in
690 2939 780 2989 eo
860 2919 1182 3014 positum
1254 2929 1508 2990 contra
1585 2917 2042 2991 incursiones
2123 2917 2444 2990 illorum.

275 3014 597 3087 Comites
651 3038 944 3087 marcae
991 3016 1427 3114 Hispanicae
1481 3028 1686 3090 trans
1730 3014 2085 3089 Sicorim³
2135 3015 2443 3088 fluvium
2515 3065 2530 3076 .

273 3112 345 3183 in
389 3113 737 3211 Hispania
789 3116 1123 3211 profecti,
1176 3115 1481 3188 vastatis
1536 3116 1735 3208 agris
1787 3125 1863 3187 et
1907 3114 2223 3186 incensis
2274 3139 2443 3187 con-

271 3212 604 3308 pluribus
643 3213 858 3308 villis,
908 3226 981 3287 et
1025 3224 1237 3311 capta
1275 3238 1420 3285 non
1456 3212 1746 3285 modica
1781 3213 2078 3310 praeda,
2120 3216 2442 3309 regressi

273 3322 459 3384 sunt.
577 3311 815 3384 Simili
883 3314 1107 3386 modo
1174 3325 1346 3411 post
1411 3310 1955 3410 aequinoctium
2017 3315 2441 3386 autumnale

272 3431 315 3478 a
386 3410 773 3485 comitibus
850 3436 1143 3486 marcae
1210 3412 1653 3486 Brittanicae
1733 3411 1806 3484 in
1888 3412 2440 3509 possessionem

208 3541 215 3548 ¹
271 3506 649 3579 cuiusdam
700 3510 1051 3587 Brittonis
1112 3512 1234 3610 qui
1300 3525 1457 3587 tum
1507 3512 1810 3585 rebellis
1862 3512 2245 3609 extiterat,
2312 3536 2440 3584 no-

273 3639 321 3711 1)
369 3637 572 3694 Sissek.
735 3641 790 3709 2)
841 3642 1123 3699 Delvunda
1177 3646 1372 3698 fluvius
1425 3652 1507 3699 est
1555 3645 1816 3698 Steclmitz
1866 3643 1922 3697 in
1970 3643 2165 3698 ducatu
2214 3641 2468 3696 Lauen-⁴

267 3713 524 3783 burgico‚
586 3711 710 3766 inde
749 3715 815 3768 ab
850 3716 1051 3786 oppido
1090 3715 1262 3772 Molln
1300 3733 1472 3787 usque
1519 3716 1576 3769 in
1612 3714 1825 3782 Albim,
1880 3717 1937 3770 in
1977 3717 2130 3769 cuius
2170 3715 2347 3785 capite
2385 3724 2440 3771 et

268 3785 457 3838 silvam
527 3783 766 3839 ciusdem
832 3789 1095 3854 nominis,
1170 3789 1275 3841 iam
1334 3789 1707 3843 Saclwenwald
1768 3796 2167 3859 nuncupatam,
2240 3785 2437 3842 Adami

269 3854 447 3911 Brem.
486 3855 708 3909 historia
747 3859 1111 3914 ecclesiastica
1148 3860 1242 3914 lib.
1262 3858 1333 3912 ΙΙ.
1371 3877 1417 3918 c.
1439 3863 1488 3918 9.
1531 3862 1787 3931 agnoscit.
1877 3857 2058 3923 Quum
2097 3858 2259 3928 igitur
2291 3856 2438 3912 Ein-

266 3928 465 3982 hardus
519 3928 584 3982 de
638 3925 799 3983 Albia
850 3933 1176 3987 mentionem
1228 3932 1426 3985 nullam
1479 3932 1716 3996 iniiciat,
1770 3930 2049 3984 castellum
2098 3930 2164 3984 ad
2213 3931 2436 3985 fluvium

268 3996 562 4065 Stecknitz‚
600 3999 657 4054 in
693 4002 996 4058 confinibus
1030 4006 1215 4060 limitis
1252 4001 1525 4069 Saxonici‚
1561 4014 1619 4057 et
1653 4020 1822 4074 prope
1857 4002 2063 4068 Molln,
2099 4003 2185 4057 vel
2222 4004 2342 4075 ipso
2379 4004 2436 4058 in

268 4071 407 4136 loco,
444 4082 809 4128 constructum
847 4074 1016 4132 fuisse
1052 4078 1267 4148 opinor.
1414 4074 1465 4145 3)
1524 4073 1727 4146 segre.
1766 4075 1859 4149 qui
1896 4092 2065 4148 prope
2103 4074 2437 4149 Mequinen-

268 4159 382 4194 zam
422 4141 633 4197 lherum
672 4146 864 4201 influit.

1735 4238 1835 4310 6*
