3027 4904
622 368 719 441 96
1237 367 1687 442 EINHARDI
1737 365 2170 440 ANNALES

621 547 1430 622 manae-inbecillitatis
1481 549 1706 621 fidem
1762 546 2237 639 excederent,
2306 543 2444 616 nisi
2512 555 2801 616 certum

546 668 549 673 ·
621 660 847 743 esset,
904 649 1281 720 dominum
1334 661 1671 721 nostrum
1722 646 1965 719 lesum
2012 644 2409 738 Christum,
2462 666 2593 740 pro
2649 651 2836 739 quo'

623 748 820 818 idem
898 747 1371 820 beatissimus
1444 747 1706 819 martir
1779 769 2042 842 passus
2114 767 2283 815 esse
2369 741 2798 835 dinoscitur,

623 847 866 917 omnia
936 870 1122 943 quae
1187 847 1346 917 vult
1412 848 1656 918 faeere
1728 868 1947 942 posse
1999 866 2134 941 per
2185 840 2510 913 divinam
2563 841 2800 913 omni-

624 945 1070 1042 potentiam,
1141 944 1215 1015 in
1288 968 1429 1041 qua
1480 943 1588 1016 illi
1642 943 1884 1016 omnis
1939 953 2272 1015 creatura
2336 941 2409 1011 in
2464 942 2667 1012 coelo
2721 951 2802 1012 et

624 1047 699 1115 in
751 1057 948 1118 terra
1004 1043 1330 1116 subiecta
1383 1054 1515 1116 est.

773 1143 942 1216 827.
1018 1144 1433 1239 Imperator
1500 1141 1932 1214 Helisachar
1981 1138 2474 1236 presbiterum
2529 1150 2603 1211 et
2667 1137 2797 1208 ab-

624 1242 872 1315 batem
949 1253 1025 1314 et
1093 1267 1258 1314 cum
1333 1265 1420 1313 eo
1499 1240 2063 1313 Hildibrandum
2143 1248 2360 1334 atque
2430 1237 2799 1309 Donatum

625 1341 935 1427 comites
979 1340 1079 1431 ‚ad
1134 1349 1380 1413 motus
1416 1339 1854 1435 Hispanicae
1907 1360 2201 1409 marcae
2242 1335 2798 1434 componendos

625 1440 859 1513 misit:
950 1440 1139 1511 Ante
1174 1462 1485 1536 quorum
1532 1439 1927 1510 adventum
1958 1435 2164 1529 Aizo,
2220 1434 2800 1507 Sarracenorum

624 1539 893 1611 auxilio
947 1541 1204 1634 fretus,
1260 1539 1490 1611 multa
1542 1537 1872 1609 eiusdem
1915 1535 2165 1607 limitis
2201 1533 2622 1607 custodibus
2670 1533 2798 1604 ad·

623 1663 841 1711 versa
892 1636 1161 1730 intulit,
1213 1660 1487 1733 eosque
1543 1635 1867 1708 adsiduis
1920 1632 2454 1707 incursionibus
2504 1632 2579 1704 in
2635 1644 2795 1705 tan·

624 1749 782 1810 tum
846 1737 1221 1831 fatigavit,
1308 1748 1389 1810 ut
1461 1736 1758 1832 quidam
1825 1735 2161 1829 illorum,
2246 1730 2522 1804 relictis
2604 1754 2795 1828 quae
2849 1760 2856 1771 “

626 1835 814 1908 tueri
892 1834 1258 1907 debebant
1322 1835 1680 1929 castellis,
1751 1832 2210 1906 recederent.
2340 1831 2624 1904 Defecit
2702 1831 2798 1902 ad

623 1957 795 2006 eum
861 1946 933 2007 et
982 1933 1177 2004 filius
1226 1933 1535 2029 Berani,
1611 1931 1909 2028 nomine
1972 1930 2554 2024 Willemundus,
2625 1953 2796 2001 nec-

624 2058 771 2105 non
824 2045 901 2106 et
954 2031 1076 2103 alii
1127 2033 1517 2130 conplures
1570 2053 1930 2102 novarum
1979 2053 2229 2101 rerum
2270 2029 2637 2122 gentilicia
2690 2030 2795 2100 le-

623 2131 850 2204 vitate
903 2129 1168 2229 cupidi,
1220 2131 1591 2228 iunctique
1646 2128 2071 2203 Sarracenis
2125 2152 2212 2200 ac
2266 2128 2541 2200 Mauris
2594 2128 2792 2201 Ceri-

622 2227 947 2304 taniam1
1002 2240 1078 2300 et
1125 2227 1597 2314 Vallensem2
1659 2228 1934 2325 rapinis
1987 2239 2219 2323 atque⁹
2263 2227 2619 2299 incendiis
2672 2251 2791 2298 co-

624 2329 804 2402 tidie
864 2328 1339 2401 infestabant.
1455 2329 1783 2423 Cumque
1854 2326 1945 2399 ad
2015 2326 2385 2399 sedandos
2454 2350 2542 2398 ac
2599 2324 2794 2397 miti-

624 2428 908 2524 gandos
961 2427 1368 2501 Gothorum
1421 2438 1638 2524 atque
1681 2426 2171 2523 Hispanorum
2217 2424 2300 2496 in
2339 2424 2486 2498 illis
2522 2424 2792 2499 finibus

624 2528 1106 2601 habitantium
1159 2528 1445 2599 animos
1497 2526 1929 2599 Helisachar
1979 2525 2207 2597 abbas
2262 2548 2431 2595 cum
2482 2524 2643 2597 aliis
2697 2523 2786 2596 ab

624 2628 1070 2726 imperatore
1139 2626 1454 2721 missus,
1520 2627 1754 2699 multa
1825 2637 1899 2698 et
1962 2623 2261 2720 propria
2312 2622 2672 2697 industria
2719 2634 2799 2696 et

628 2727 998 2799 sociorum
1052 2725 1355 2797 consilio
1410 2725 1811 2822 prudenter
1878 2722 2503 2819 administrasset,
2570 2723 2795 2795 Bern-

625 2824 903 2896 hardus
956 2846 1272 2920 quoque,
1324 2823 1772 2895 Barcinonae
1826 2846 2112 2917 comes,
2164 2821 2462 2894 Aizonis
2515 2821 2797 2894 insidiis

626 2932 703 2995 et
755 2946 1015 2994 eorum
1068 2922 1188 3017 qui
1243 2922 1335 2994 ad
1389 2945 1561 2995 eum
1607 2923 2029 2994 defecerant
2065 2920 2438 2995 calliditati
2476 2945 2563 2992 ac
2598 2923 2794 2993 frau-

626 3021 945 3094 dulentis
1013 3021 1675 3094 machinationibus
1741 3019 2323 3116 pertinacissime
2392 3021 2794 3112 resisteret,

626 3134 845 3218 atque
915 3144 1169 3191 eorum
1238 3119 1673 3193 temerarios
1749 3131 2052 3192 conatus
2122 3118 2366 3192 irritos
2437 3119 2791 3212 efficeret,

628 3218 990 3292 exercitus
1046 3243 1086 3289 a
1154 3242 1335 3313 rege
1389 3218 1966 3291 Sarracenorum
2019 3217 2465 3290 Abdiraman
2519 3218 2611 3290 ad
2667 3240 2791 3287 au-

625 3320 880 3391 xilium
933 3317 1189 3390 Aizoni
1240 3319 1624 3390 ferendum
1667 3318 1938 3390 missus
1976 3318 2635 3411 Caesaraugustam
2669 3338 2793 3386 ve-

628 3417 825 3489 nisse
861 3414 1273 3512 nunciatur,
1326 3441 1549 3514 supra
1589 3440 1807 3513 quem
1844 3415 2336 3505 Abumarvan,
2390 3415 2588 3509 regis
2627 3437 2790 3512 pro-

625 3516 967 3613 pinquus,
1021 3514 1166 3584 dux
1220 3516 1682 3609 constitutuS,
1738 3537 1826 3585 ex
1865 3512 2469 3611 persuasionibus
2498 3512 2792 3586 Aizonis

626 3614 822 3686 haud
888 3611 1187 3684 dubiam
1259 3613 1396 3687 sibi
1466 3612 1851 3686 victoriam
1920 3612 2418 3709 pollicebatur.
2523 3614 2792 3685 Contra

628 3737 845 3810 quem
899 3713 1300 3808 imperator
1347 3711 1582 3784 filium
1635 3736 1849 3786 suum
1899 3712 2313 3810 Pippinum,
2364 3710 2793 3805 Aquitaniae

625 3836 922 3908 regem,
990 3834 1157 3882 cum
1225 3810 1612 3885 inmodicis
1664 3813 2114 3885 Francorum
2183 3808 2411 3908 copiis
2462 3807 2793 3906 mittenS,

629 3977 676 4046 1)
731 3975 1030 4048 Cei-dagno.
1174 3977 1229 4049 2)
1290 3978 1458 4035 Valles
1472 4022 1486 4049 ‚
1540 3980 1694 4033 vallis
1740 3980 2067 4034 fertilissima
2104 3982 2177 4038 28
2212 3978 2287 4034 Μ.
2324 3975 2385 4031 Ρ.
2417 3971 2794 4047 longitudini&

622 4047 1276 4177 birgnofnssgffimdinis'
1315 4053 1380 4107 ad
1420 4053 1685 4108 orientem
1723 4052 1959 4107 fluminis
1995 4051 2316 4122 Llobregat,
2357 4067 2389 4105 e
2426 4049 2793 4121 septentrione
