3027 4904
971 435 1423 508 EINHARDI
1474 435 1930 510 ANNALES.
2493 438 2537 490 V

366 626 853 711 „narrantum
909 628 985 690 ut
1038 617 1406 688 humanae
1458 615 1983 691 imbecillitatis
2047 617 2272 690 iidem
2325 644 2533 692 exce-

363 714 713 811 „derentz
768 714 903 787 nisi
933 727 1216 789 certum
1255 727 1455 788 esset
1493 715 1870 788 dominum
1908 728 2241 790 nostrum
2284 718 2534 792 lesum

364 815 826 911 ⁷,Christum,
881 839 1014 911 pro
1062 841 1203 912 quo
1257 815 1455 887 idem
1508 813 1978 889 beatissimus
2032 828 2313 912 martyr
2365 843 2529 915 pas-

362 937 542 1008 „sus
594 938 761 986 esse
807 914 1231 1007 dinoscitur,
1270 915 1513 986 omnia
1575 939 1761 1013 quae
1813 918 1970 988 vult
2020 941 2156 1014 per
2207 917 2529 989 divinam

361 1014 1026 1111 „omnipotentiam
1098 1016 1345 1087 facere
1399 1038 1653 1112 posse,
1732 1015 1805 1086 in
1886 1040 2026 1113 qua
2105 1017 2208 1088 illi
2288 1017 2527 1089 omnis

359 1125 748 1208 „creatura
803 1113 877 1183 in
932 1113 1137 1185 coelo
1194 1125 1268 1186 et
1319 1113 1392 1184 in
1446 1126 1646 1186 terra
1678 1114 2003 1187 subiecta
2059 1112 2251 1189 estf‘·
2331 1115 2527 1203 Quae

360 1235 521 1282 cum
587 1210 836 1283 iisdem
888 1214 1172 1284 omnino
1248 1212 1479 1284 verbis
1527 1214 1600 1283 in
1653 1213 2035 1285 annalibus
2082 1216 2347 1286 nostris
2397 1215 2526 1287 sub

355 1314 565 1397 finem
642 1312 816 1383 anni
879 1311 1027 1386 826
1095 1311 1456 1407 leynam,
1532 1334 1662 1383 nec
1725 1311 1812 1384 de
1882 1318 2177 1385 auctore
2244 1336 2373 1384 nec
2441 1314 2527 1384 de

357 1432 641 1481 summa
709 1412 943 1502 operis
1005 1410 1143 1497 fide
1212 1411 1528 1483 dubitari
1596 1412 1901 1506 amplius
1958 1435 2176 1505 posse
2238 1414 2527 1507 quisque

356 1508 702 1603 intelliqit,
776 1514 846 1581 et
904 1509 1214 1581 eiusdem
1262 1513 1641 1582 testimonii
1708 1536 1757 1582 a
1812 1510 2106 1583 Chesnio
2127 1508 2154 1558 1
2212 1514 2525 1604 primum

349 1609 619 1701 prolati
668 1610 774 1679 vis
823 1607 1352 1703 Mabillonium,
1406 1612 1527 1705 qui
1576 1611 1649 1680 in
1699 1607 2090 1681 Annalibus
2132 1609 2524 1681 Benedicti-

350 1710 464 1781 nis
519 1731 711 1779 anno
767 1708 913 1781 774
945 1709 1197 1781 Cointii
1246 1709 1645 1781 rationibus
1673 1710 1746 1779 in
1800 1709 2185 1780 adversam
2226 1733 2301 1780 se
2345 1732 2522 1801 par-

352 1813 490 1878 tem
543 1807 805 1878 abduci
847 1830 1114 1899 passus
1160 1810 1439 1902 fuerat,
1509 1810 1684 1879 anni
1733 1808 1880 1880 826
1931 1808 2303 1880 historiam
2355 1831 2520 1880 con-

352 1912 584 1978 tescere
637 1928 1057 2000 appressum
1108 1909 1211 1979 ita
1257 1908 1701 2000 perstrinxit,
1773 1914 1855 1978 ut
1901 1915 1971 1978 et
2016 1909 2163 2001 ipse
2213 1906 2521 1978 Einhar-

352 2005 521 2076 dum
574 2011 939 2076 auctorem
993 2009 1229 2098 operis
1282 2011 1721 2101 aynosceret.
1845 2008 2115 2078 Contra
2172 2005 2522 2077 Trithemii

352 2104 572 2197 locus,
626 2127 764 2200 quo
811 2103 1218 2177 Einhardus
1269 2107 1551 2202 „vitam
1604 2118 1680 2178 et
1730 2116 1940 2199 gesta
1995 2106 2237 2179 Caroli
2287 2106 2517 2203 impe-

352 2205 616 2276 ratoris
686 2202 934 2299 Magni
1005 2203 1125 2276 lib.
1183 2206 1255 2297 3,
1334 2203 1900 2278 translationem
1968 2229 2255 2302 quoque
2308 2230 2518 2303 prae-

349 2303 711 2375 dictornm
765 2314 1174 2398 martyrum
1229 2303 1351 2376 lib.
1397 2307 1465 2400 l,
1519 2303 1901 2377 historiam
1938 2304 2287 2378 transacti
2333 2316 2518 2377 tem-

350 2402 549 2501 poris
616 2402 738 2475 lib.
817 2405 883 2499 l,
954 2414 1027 2477 et
1091 2403 1453 2501 quaedam
1524 2400 1720 2476 alia⁶‘
1804 2405 2169 2497 scripsisse
2243 2403 2516 2499 ἱερέων,

349 2503 674 2598 quamvis
723 2524 809 2571 ne
863 2502 955 2572 ab
1010 2503 1448 2574 adversariis
1498 2502 1779 2597 quidem
1817 2504 2311 2598 impuynatus‚
2364 2506 2515 2589 fru-

347 2608 503 2673 stra
573 2605 810 2680 tamen
883 2624 929 2672 a
986 2599 1278 2674 Chesnio
1330 2603 1403 2673 in
1454 2600 1766 2673 medium
1819 2600 2239 2693 adducitur,
2303 2626 2515 2698 quum

353 2699 709 2772 Trithemii
773 2702 1174 2792 opinionem
1239 2699 1476 2772 solida
1545 2702 1823 2772 ratione
1883 2700 2084 2772 nulla
2152 2703 2311 2794 niti,
2391 2702 2521 2774 sed

349 2823 665 2872 errorem
741 2802 982 2893 potius
1045 2800 1448 2873 vocandam
1519 2823 1706 2895 esse,
1788 2802 2058 2872 initium
2134 2804 2516 2873 sententiae

349 2899 628 2995 ⁷‚vitam
680 2911 756 2970 et
787 2911 999 2993 gesta
1051 2900 1336 2973 Caroli.
1369 2958 1385 2973 .
1416 2900 1537 2971 lib.
1577 2899 1677 2973 3⁶⁶
1717 2901 1897 2971 satis
1936 2900 2310 2972 ostendat:
2354 2899 2514 2973 hinc

349 3001 529 3070 enim
583 2998 1024 3071 Trithemium
1067 2998 1383 3071 codicem
1419 2997 1705 3094 (quales
1746 2997 2087 3094 hodieque
2129 2999 2512 3070 Hannone-

349 3122 499 3191 rae,
547 3097 1022 3192 Vindobonae‚
1061 3092 1351 3192 Gothae,
1384 3097 1767 3191 Monachii,
1798 3097 2154 3169 Cassellae
2184 3104 2254 3167 et
2269 3093 2515 3169 Mode-

346 3220 483 3268 nae
515 3197 931 3290 supersunt)
984 3202 1276 3268 nactum
1324 3199 1546 3283 fuisse
1588 3203 1812 3290 patet,
1866 3196 1937 3266 in
1988 3219 2125 3290 quo
2162 3195 2517 3269 Einhardi

346 3299 533 3368 vitae
584 3295 841 3368 Karoli
893 3300 963 3367 et
1011 3295 1312 3367 annales
1362 3296 1591 3366 nostri
1639 3299 1710 3365 et
1757 3294 1899 3366 duo
1951 3294 2286 3366 monachi
2325 3294 2512 3367 San-

345 3394 683 3489 9allensis
717 3396 803 3467 de
854 3397 1067 3490 yestis
1110 3394 1368 3467 Karoli
1410 3394 1573 3466 libri
1607 3394 1957 3465 subiuncti
1989 3398 2236 3490 essent,
2292 3418 2513 3489 eaque

348 3496 590 3565 omnia
622 3495 808 3567 male
858 3498 1163 3581 confusa
1213 3495 1286 3565 in
1336 3516 1557 3565 unum
1589 3492 1944 3564 Einhardi
1967 3517 2223 3565 nomen
2275 3499 2511 3565 trans-

345 3591 607 3664 tulisse.
733 3595 879 3666 Nec
942 3601 1185 3667 tamen
1270 3593 1590 3666 Odilonis
1659 3581 2128 3664 testimonium
2205 3594 2511 3688 unicum,

345 3714 486 3787 quo
538 3689 947 3764 Einhardus
999 3695 1197 3786 operi
1247 3699 1503 3765 auctor
1555 3698 1962 3786 asseratur,
2016 3697 2515 3785 aryumentum

346 3791 733 3882 habeam-3,-
795 3813 965 3863 nam
1031 3798 1112 3864 ut
1151 3793 1463 3885 primum
1526 3814 1575 3862 a
1630 3792 1942 3885 Cointio,
2015 3792 2327 3862 omnium
2381 3791 2511 3863 ad-

349 3915 596 3964 versae
663 3892 1012 3984 opinionis
1079 3892 1292 3985 duce,
1376 3893 1449 3963 in
1516 3888 1908 3963 Annalibus
1976 3888 2215 3961 eccles.
2282 3890 2511 3962 Fran-

354 4059 399 4130 1)
440 4059 745 4115 Nuenarius
785 4061 1049 4132 quendam
1089 4059 1474 4114 Benedictinao
1512 4059 1793 4128 religionis
1833 4059 2185 4122 monachum,
2227 4057 2510 4121 Freheru5‚

347 4134 681 4203 praefatione
733 4134 787 4185 in
838 4130 1112 4202 Anonymi
1165 4133 1326 4185 vitam
1383 4131 1693 4185 Hludowici
1747 4129 1862 4194 Pii,
1915 4139 1975 4184 ut
2023 4132 2246 4203 opinor,
2300 4132 2510 4193 ductuS,

346 4202 629 4260 Adelmum
670 4210 784 4259 sive
819 4203 1187 4259 Adhemarum
1226 4213 1500 4258 auctorem
1541 4204 1956 4274 praedicaverat.
