3027 4904
570 357 670 431 86
1186 354 1638 429 EINHARDI
1689 354 2123 430 ANNALES

569 536 861 637 palatii,
915 538 1345 634 iussumque
1397 549 1551 630 est,
1630 548 1710 609 ut
1760 535 2226 631 Mauringum
2277 534 2563 608 Brixiae
2616 559 2735 610 co-

571 638 826 710 mitem
880 660 1132 709 secum
1179 637 1629 731 adsumeret
1683 647 1759 708 et
1798 636 2177 747 inchoatas
2221 631 2532 708 iustitias
2574 658 2742 733 per-q

569 735 792 809 ficele
838 748 1147 810 cui-‚aret
1250 736 1703 832 Drogonem,
1756 737 2057 807 fratrem
2111 732 2294 831 eius,
2348 732 2483 807 sub
2525 757 2739 806 cano-

571 836 731 908 nica
784 835 933 908 vita
987 835 1408 948 degentem,
1460 837 1803 909 Mettensi
1857 834 2236 926 ecclesiae,
2290 834 2487 905 clero
2551 833 2739 906 eius-

571 935 743 1007 dem
806 935 1009 1007 urbis
1076 935 1584 1008 consentiente
1656 945 1874 1029 atque
1940 934 2296 1028 eligente,
2372 943 2741 1007 1ectorem

570 1034 977 1130 constituit,
1045 1057 1363 1132 eumque
1415 1034 1508 1105 ad
1573 1032 2034 1132 pontificatus
2088 1032 2401 1128 gradum
2457 1030 2738 1103 censuit

571 1134 1014 1231 pr·omove1i.
1128 1134 1211 1205 In
1282 1133 1551 1205 eodem
1618 1144 1987 1206 conventu
2045 1146 2340 1229 tempus
2410 1142 2484 1204 et
2533 1131 2739 1204 locus

571 1232 871 1306 alterius
910 1244 1317 1306 conventus
1351 1233 1672 1305 habendi
1713 1233 2092 1304 condictus
2129 1243 2267 1325 est,
2322 1229 2741 1303 Nove-'mbei

571 1332 915 1405 videlicet
965 1332 1243 1404 mensis
1288 1344 1363 1405 et
1397 1332 1929 1429 Compendium
1964 1330 2357 1441 palatium,
2406 1341 2738 1427 peracto-

572 1455 713 1528 que
764 1431 1033 1527 placito
1088 1443 1161 1504 et
1215 1430 1539 1504 dimissis
1592 1430 2064 1529 primoribus,
2118 1453 2282 1501 cum
2338 1428 2741 1525 imperator

570 1530 718 1603 iam
770 1531 939 1602 inde
993 1510 1295 1625 digredi
1330 1529 1748 1626 statuisset
1812 1531 2143 1602 adlatum
2196 1540 2312 1601 est
2364 1529 2431 1600 ei
2485 1528 2578 1600 de
2630 1528 2736 1600 in-

568 1629 785 1702 teritu
842 1629 1244 1724 Liudewiti,
1290 1630 1493 1727 quod
1546 1628 1820 1703 relictis
1856 1628 2184 1722 Sorabis,
2239 1651 2407 1700 cum
2442 1628 2736 1700 Dalma-

568 1729 745 1802 tiam
823 1728 918 1801 ad
980 1728 1588 1801 Liudemuhslum
1652 1729 2091 1801 avunculum
2168 1727 2454 1799 Bornae
2532 1727 2737 1800 ducis

570 1827 1069 1925 pervenisset,
1139 1839 1214 1901 et
1278 1828 1736 1941 aliq-uantum
1788 1826 2144 1927 temporis
2212 1850 2379 1898 cum
2434 1849 2524 1900 eo
2578 1850 2734 1900 mo-

569 1937 768 2000 latus
820 1926 1120 2023 fuisset,
1191 1926 1362 2000 dolo
1415 1927 1647 2024 ipsius
1702 1938 1900 2000 esset
1967 1927 2419 1999 interfectus.
2539 1927 2734 1999 Nun-

568 2026 836 2100 ciatum
893 2034 1008 2099 est
1058 2026 1309 2121 etiam,
1364 2026 1706 2099 Theodm
1711 2051 1834 2099 um
1872 2038 2171 2100 sanctae
2204 2025 2581 2098 Romanae
2619 2049 2732 2098 ec-

567 2125 834 2198 clesiae
926 2125 1424 2223 primicerium
1512 2137 1589 2199 et
1669 2125 1994 2198 Leonem
2075 2126 2733 2220 nomenclatorem,

564 2248 925 2319 generum
999 2228 1193 2322 eius,
1271 2224 1342 2296 in
1409 2225 1849 2322 patriarchio
1920 2223 2417 2297 Lateranense
2498 2225 2731 2336 primo

564 2335 1018 2420 excaecatoS,
1071 2348 1158 2396 ac
1209 2324 1475 2397 deinde
1526 2324 1756 2397 fuisse
1810 2324 2252 2420 decollatoS,
2308 2335 2381 2396 et
2430 2324 2575 2401 hoc
2624 2323 2733 2398 eis

565 2423 660 2496 ob
708 2423 868 2497 hoc
917 2424 1355 2521 contigisse,
1432 2423 1629 2521 quod
1701 2447 1783 2497 se
1847 2422 1923 2496 in
2001 2422 2343 2496 omnibus
2415 2420 2735 2498 fideliter

566 2547 744 2619 erga
797 2535 1046 2622 partes
1097 2522 1459 2598 Hlotharii
1518 2524 1804 2597 iuvenis
1856 2523 2335 2634 imperatoris
2389 2535 2733 2618 ager3ent

565 2634 774 2696 erant
825 2635 901 2697 et
951 2624 1072 2720 qui
1113 2624 1461 2718 dicerent,
1515 2623 1695 2697 vel
1676 2648 1880 2697 lussu
1919 2624 2039 2695 vel
2081 2620 2385 2696 consilio
2418 2622 2731 2696 Pascha-

562 2723 652 2795 lis
707 2722 1070 2820 pontificis
1123 2747 1281 2795 rem
1326 2723 1559 2796 fuisse
1597 2734 2116 2822 perpetratam.
2188 2722 2328 2796 Ad
2373 2723 2568 2835 quod
2610 2746 2731 2795 ex-

561 2821 1003 2919 plorandum
1058 2846 1143 2893 ac
1196 2823 1590 2916 diligenter
1641 2821 2234 2917 investigandum
2299 2822 2507 2894 missi
2560 2834 2734 2896 sunt

560 2919 1031 3016 Adalungus,
1108 2920 1336 2994 abbas
1414 2920 1841 2996 monasterii
1926 2921 2159 2995 sancti
2235 2920 2571 3017 Vedasti,
2656 2932 2733 2994 et

560 3018 1002 3115 Hunfridus,
1082 3044 1333 3094 comes
1400 3021 1795 3094 Curiensis.
1930 3021 2077 3096 Sed
2151 3031 2548 3117 antequam
2622 3021 2731 3093 illi

559 3118 876 3192 fuissent
923 3121 1278 3216 profecti,
1349 3132 1713 3194 venerunt
1774 3119 1998 3217 legati
2052 3121 2426 3193 paschalis
2489 3119 2729 3216 ponti-

559 3217 742 3315 ficis,
794 3219 1156 3293 Iohannes
1208 3218 1601 3317 episcopus
1656 3219 2327 3294 Silvae-candidae
2382 3230 2455 3290 et
2493 3219 2728 3291 Bene-

561 3317 794 3391 dictus
848 3318 1403 3393 archidiaconus
1455 3332 1755 3392 sanctae
1809 3319 2008 3393 sedis
2062 3317 2543 3415 apostolicae,
2610 3342 2728 3390 ro-

559 3428 822 3511 gantes
872 3416 1426 3515 imperatorem,
1480 3432 1563 3493 ut
1612 3420 1819 3492 illam
1871 3418 2252 3491 infamiam
2295 3440 2337 3486 a
2380 3415 2728 3513 pontifice

560 3518 909 3612 auferret,
965 3541 1106 3613 qua
1138 3517 1264 3590 ille
1308 3518 1379 3589 in
1423 3528 2005 3591 memoratorum
2047 3515 2433 3588 hominum
2466 3540 2727 3589 necem

559 3618 1021 3689 consensisse
1051 3617 1508 3695 credebatur.
1596 3616 1879 3706 Quibus
1915 3639 2079 3689 cum
2125 3616 2250 3689 ille
2296 3615 2494 3688 iuxta
2533 3615 2725 3714 quod

560 3716 742 3789 ratio
814 3716 1233 3813 postulabat
1314 3717 1861 3814 respondisset,
1941 3739 2215 3812 eosque
2298 3715 2723 3811 dimisisset,

556 3815 976 3929 praedictos
1029 3816 1314 3912 legatos
1368 3842 1544 3890 suos
1596 3818 1689 3890 ad
1742 3815 2335 3911 investigandam
2375 3816 2481 3888 rei
2536 3814 2723 3888 veri-

557 3925 812 4009 tatem,
867 3915 1053 3988 sicut
1105 3916 1307 4012 prius
1360 3916 1747 4013 disposuit,
1799 3917 2113 3988 Romam
2163 3916 2270 3987 ire
2322 3914 2723 4013 praecepit,

559 4013 728 4109 ipse
768 4038 943 4088 vero
998 4016 1364 4112 reliquum
1418 4016 1720 4090 aestatis
1787 4025 2080 4113 tempus
2139 4014 2212 4086 in
2264 4039 2455 4111 pago
2509 4013 2723 4085 Wor-

560 4138 903 4188 macense
970 4138 1055 4186 ac
1124 4114 1388 4187 deinde
1453 4116 1527 4187 in
1580 4115 1970 4190 Arduenna
2030 4113 2489 4209 transigenS,
2558 4137 2723 4211 per-
