3027 4904
538 344 613 398 lV
1150 343 1603 416 EINHARDI
1654 345 2109 421 ANNALES.

539 549 699 599 men
763 532 934 619 post
983 547 1250 596 annum
1304 526 1450 600 768
1501 528 1829 598 narratis
1888 526 2261 622 aequalem
2310 528 2530 613 fuisse
2584 526 2714 599 du-

541 626 758 698 bitari
806 631 1129 719 nequeat.
1210 625 1400 709 Nam
1452 625 1615 697 licet
1644 626 2019 720 Pippinum
2072 650 2308 721 reqem
2348 650 2715 722 nunquam

540 724 889 797 vocabulo
930 723 1177 819 magni
1212 731 1343 795 aut
1363 724 1877 820 gloriosissimi
1930 731 2012 797 ut
2038 725 2258 813 filium
2310 729 2458 799 eius
2484 728 2715 820 donet,

542 826 755 897 totius
823 830 1063 894 tamen
1129 825 1376 916 scripti
1436 826 1665 919 ratio,
1743 824 1920 896 illud
1983 827 2262 897 circiter
2321 849 2513 898 anno
2568 825 2715 900 768

541 927 891 1016 inceptum
912 978 932 1016 ,
1004 930 1074 994 et
1128 923 1425 1017 sinqulis
1476 925 1687 994 annis
1740 929 2025 996 auctum
2092 948 2240 996 esse
2287 926 2678 1019 persuadet
2687 953 2717 1016 ,-

544 1031 615 1096 et
663 1045 855 1094 anno
892 1023 1038 1095 774
1091 1029 1421 1094 sanctum
1471 1023 1935 1108 Bonifacium
1987 1023 2471 1098 novissimum
2525 1048 2716 1096 mar-

542 1136 779 1217 tyrem
831 1126 1062 1216 vocat,
1116 1127 1186 1192 et
1235 1144 1427 1193 anno
1467 1123 1615 1194 776
1651 1122 1911 1194 multos
1965 1147 2197 1220 usque
2248 1124 2341 1196 ad
2393 1125 2537 1196 huc
2558 1147 2716 1196 ma-

544 1245 749 1316 nere,
814 1222 934 1317 qui
1002 1244 1091 1291 ea
1156 1244 1231 1292 36
1283 1220 1540 1292 vidisse
1593 1221 1869 1317 dicant,
1940 1227 2262 1295 testatur.
2367 1222 2720 1294 Einhardi

548 1320 865 1414 annales,
919 1342 1133 1414 quum
1159 1343 1293 1413 per
1343 1322 1799 1414 septuayinta
1852 1328 1923 1392 et
1967 1345 2217 1393 novem
2271 1345 2504 1395 annos
2540 1346 2720 1419 quos

548 1420 1143 1514 complectuntur,
1214 1441 1432 1490 unum
1485 1419 1917 1515 eundemque
1969 1420 2263 1515 stylum,
2332 1422 2519 1493 idem
2570 1422 2718 1492 ubi-

549 1543 680 1616 que
747 1518 1029 1591 videndi
1094 1517 1582 1612 scribendique
1648 1542 1872 1613 yenus
1924 1520 2338 1613 ostendant,
2411 1520 2504 1593 ab
2574 1543 2717 1592 uno

551 1625 867 1713 auctore,
904 1617 1327 1692 Einhardo
1303 1641 1480 1710 zps0,
1504 1620 1872 1711 profectos
1903 1642 2053 1690 6336
2088 1626 2381 1713 oportet.
2440 1619 2719 1691 'Nomen

550 1722 697 1790 eius
743 1717 1064 1811 prodidit
1115 1739 1516 1810 anonymus
1571 1716 1815 1811 (quem
1850 1717 2305 1790 Mabillonius
2352 1718 2719 1791 Odilonem

551 1817 625 1890 S.
682 1815 1015 1888 Medardi
1083 1816 1512 1888 monachum
1565 1839 1716 1888 6336
1760 1817 2012 1912 putat)
2066 1819 2374 1910 scriptor
2422 1817 2583 1889 libri
2633 1819 2719 1889 de

551 1916 1022 1989 translatione
1110 1922 1181 1987 et
1255 1915 1623 1988 miraculis
1685 1919 1918 1988 sancti
1994 1915 2440 2012 Sebastiam,
2521 1919 2718 1989 initio

552 2016 820 2089 saeculi
871 2015 1122 2088 decimi
1171 2013 1369 2108 editi,
1436 2016 1507 2086 in
1553 2017 2007 2108 praefatione
2073 2039 2211 2088 sua
2264 2017 2365 2088 ad
2413 2016 2719 2111 Inyran-

549 2139 719 2187 num
773 2114 848 2186 S.
902 2113 1239 2186 Medardi
1288 2113 1817 2188 Suessionensis
1868 2114 2202 2186 abbatem
2250 2118 2354 2187 ita
2404 2116 2719 2188 locutus:

549 2215 1037 2327 „Agenardus
1092 2215 1533 2309 cognomine
1586 2214 1899 2312 Sapiens
1962 2238 2047 2285 ea
2105 2214 2224 2312 qui
2279 2227 2721 2313 tempestate

553 2314 961 2387 habebatur
1012 2313 1374 2426 insignis,
1420 2312 1639 2387 huius
1691 2312 2271 2387 reverentissimi
2324 2314 2719 2387 coelicolae

554 2414 1004 2488 mentionem
1059 2413 1130 2485 in
1184 2413 1416 2509 gestis
1470 2435 1854 2487 caesarum
1893 2412 2133 2490 Caroli
2180 2413 2427 2510 Magni
2467 2425 2540 2488 et
2590 2412 2721 2486 filii

556 2515 783 2613 ipsius
836 2512 1240 2586 Hludowici
1292 2512 1612 2609 faciens,
1688 2513 1881 2587 inter
1934 2514 2076 2586 alia
2131 2538 2318 2611 quae
2372 2512 2718 2587 annotino

555 2639 772 2686 cursu
816 2613 1157 2705 dictabat,
1212 2637 1358 2684 non
1411 2612 1883 2710 inoperosum
1938 2614 2145 2685 duxit
2183 2614 2520 2686 mortalia
2564 2624 2722 2685 acta

556 2712 951 2786 immortali
997 2710 1515 2808 astipulatione
1552 2711 1928 2806 roborare,
1982 2712 2082 2784 ita
2136 2711 2423 2784 dicens·
2476 2703 2722 2808 „Dum

555 2814 794 2909 „haec
861 2821 1212 2906 aguntur,
1292 2808 1680 2882 Hilduinus
1750 2811 1937 2881 abba
2010 2810 2436 2899 monasterii
2491 2811 2772 2922 sancti,
2839 2865 2844 2874 .

556 2911 936 3008 „Dionysii
993 2910 1300 2983 Romam
1355 2908 1699 3004 mittens,
1752 2921 2122 2982 annuente
2174 2896 2513 3007 precibus
2567 2908 2725 2982 eius

557 3010 940 3109 „Eugenio
1004 3020 1300 3082 sanctae
1369 3007 1569 3081 sedis
1630 3008 2080 3106 apostolicae
2131 3020 2305 3081 tunc
2356 3010 2722 3108 praesule,

558 3135 782 3224 „ossa
847 3108 1251 3182 beatissimi
1305 3107 1651 3203 maityris
1718 3108 1988 3182 Christi
2042 3107 2457 3182 Sebastiani
2520 3130 2723 3181 acce-

559 3212 759 3309 „pit,
830 3222 902 3283 et
954 3233 1038 3280 ea
1094 3208 1288 3306 apud
1342 3207 1819 3281 Suessionem
1876 3206 2243 3280 civitatem
2297 3208 2370 3278 in
2424 3206 2725 3278 basilica

560 3309 846 3407 „sancti
902 3307 1227 3379 Medardi
1284 3308 1689 3381 collocavit.
1795 3305 1933 3380 Ubi
1990 3305 2165 3378 dum
2217 3307 2598 3379 inhumata
2650 3305 2724 3378 in

563 3408 898 3519 „loculo,
987 3406 1061 3477 in
1142 3430 1284 3503 quo
1363 3406 1586 3480 allata
1662 3407 1996 3500 fuerant,
2077 3404 2276 3477 iuxta
2356 3406 2724 3478 tumulum

561 3506 849 3606 „sancti
915 3504 1246 3577 Medaldi
1298 3502 1661 3598 iacerent,
1734 3514 1933 3576 tanta
1987 3503 2367 3616 signorum
2422 3530 2509 3578 ac
2557 3529 2726 3617 pro-

562 3607 985 3703 „digiorum
1039 3602 1431 3677 multitudo
1487 3602 1772 3690 claruit,
1823 3613 2026 3676 tanta
2078 3604 2435 3678 virtutum
2486 3605 2600 3679 vis
2652 3603 2726 3674 in

562 3704 815 3802 „omni
886 3727 1159 3799 genere
1222 3702 1624 3776 sanitatum
1692 3726 1824 3801 per
1891 3702 2210 3776 divinam
2281 3703 2599 3818 gratiam
2651 3703 2723 3773 in

616 3804 912 3882 nomine
967 3802 1301 3878 eiusdem
1354 3801 1758 3876 beatissimi
1809 3802 2153 3897 martyris
2188 3804 2485 3898 enituit,
2551 3812 2629 3873 ut
2683 3825 2724 3871 a

564 3905 817 4000 „nullo
872 3903 1294 3977 mortalium
1366 3901 1773 3975 eorundem
1824 3901 2348 3977 miraculorum
2417 3911 2540 3973 aut
2597 3925 2726 3971 nu-

563 4027 866 4100 „merus
930 4001 1498 4115 comprehendi,
1584 4017 1708 4075 aut
1777 4002 2095 4075 varietas
2163 4000 2410 4073 verbis
2484 3999 2726 4073 valeat

561 4102 979 4201 „explicari
1098 4105 1431 4234 Quorum
1503 4101 1863 4199 quaedam
1938 4100 2119 4176 tanti
2182 4100 2505 4197 stuporis
2560 4122 2726 4172 esse
