3027 4904
1102 387 1180 458 A.
1236 379 1655 475 sol-7804.
1925 372 1930 377 ·
2371 389 2467 464 49

304 560 580 632 tionem
634 561 952 674 accepit,
1007 570 1449 659 captumque
1500 562 1902 636 honorifice
1952 563 2226 647 habuit.
2318 569 2465 642 Im-

304 670 604 758 perator
653 660 1098 758 Aquisgrani
1150 664 1477 736 natalem
1529 662 1826 734 Domini
1879 664 2296 739 celebravit.

453 759 620 833 803.
674 761 827 834 Hac
877 759 1124 833 hieme
1177 762 1371 834 circa
1421 759 1668 859 ipsum
1716 762 2078 860 palatium
2122 777 2198 838 et
2245 763 2464 840 finiti-

300 881 464 931 mas
531 860 871 954 regiones
943 872 1186 936 terrae
1257 870 1503 935 motus
1557 863 1833 957 factuS,
1908 873 1982 935 et
2051 865 2463 942 mortalitas

303 956 752 1056 subsequuta
834 971 968 1032 est.
1096 958 1499 1056 Winigisus
1580 985 1621 1032 a
1688 961 2065 1035 Grimoldo
2134 964 2465 1039 redditus

302 1068 437 1152 est,
492 1069 565 1131 et
598 1058 806 1132 missi
858 1060 1326 1156 imperatoris
1380 1061 1471 1132 de
1510 1061 2145 1160 Constantinopoli
2181 1064 2463 1137 reversi

303 1166 509 1253 sunt,
578 1169 653 1230 et
702 1168 1066 1230 venerunt
1135 1182 1304 1231 cum
1357 1160 1464 1232 eis
1518 1159 1740 1254 legati
1794 1161 2095 1233 Nicifori
2148 1161 2462 1261 impera-

299 1255 507 1351 toris,
563 1256 683 1353 qui
742 1267 912 1329 tunc
962 1280 1119 1329 rem
1177 1257 1546 1355 publicam
1596 1258 1907 1354 regebat
1940 1300 2036 1314 —-
2092 1286 2265 1333 nam
2321 1262 2462 1334 He-

299 1378 562 1429 renam
620 1367 794 1453 post
859 1356 1255 1429 adventum
1326 1357 1717 1452 legationis
1785 1358 2173 1433 Francicae
2236 1361 2461 1460 depo-

302 1467 611 1528 suerunt
660 1498 755 1509 -
823 1479 1138 1552 quorum
1191 1457 1485 1529 nomina
1542 1459 1843 1530 fuerunt
1893 1458 2256 1534 Michahel
2310 1460 2463 1558 epi'-

301 1577 606 1651 scopus,
661 1556 916 1643 Petrus
969 1553 1198 1629 abbas
1249 1567 1324 1629 et
1376 1557 1691 1630 Calistus
1745 1557 2244 1632 candidatus1.
2320 1560 2463 1648 Qui

300 1665 661 1727 venerunt
705 1655 797 1727 ad
823 1656 1346 1753 imperatorem
1376 1655 1450 1729 in
1479 1657 1874 1729 Germania
1904 1682 2128 1756 super
2154 1657 2460 1731 fluvium

228 1775 234 1780 ·
300 1753 498 1850 Sala⁷
553 1752 625 1826 in
666 1756 826 1827 loco
868 1756 988 1852 qui
1027 1754 1290 1828 dicitur
1325 1756 1569 1850 Saltz.,
1623 1769 1696 1828 et
1734 1768 2030 1853 pactum
2079 1759 2462 1833 faciendae

298 1854 501 1950 pacis
552 1853 627 1926 in
681 1853 954 1953 scripto
1009 1867 1506 1953 susceperunt.
1591 1855 1683 1928 Et
1734 1856 1902 1929 inde
1957 1857 2239 1930 dimissi
2294 1882 2463 1932 cum

301 1954 613 2051 epistola
676 1954 1181 2052 imperatoris,
1248 1956 1560 2027 Romam
1624 1955 1946 2051 regressi
1999 1969 2218 2053 atque
2272 1959 2459 2032 Con-

299 2053 850 2152 stantinopolim
922 2055 1200 2128 reversi
1269 2065 1458 2126 sunt.
1598 2055 2009 2152 Imperator
2069 2068 2320 2130 autem
2385 2056 2459 2129 in

298 2152 710 2225 Baioariam
744 2155 1143 2250 profectus,
1197 2152 1573 2251 dispositis
1599 2154 2140 2227 Pannoniarum
2194 2157 2459 2252 causis,

298 2252 733 2325 Decembrio
787 2277 1045 2326 mense
1094 2253 1557 2349 Aquasgrani
1608 2277 1951 2328 reversus
2004 2265 2157 2352 est,
2212 2255 2458 2354 ibique

297 2355 621 2428 natalem
668 2353 964 2426 Domini
1016 2352 1431 2426 celebravit.

448 2454 617 2528 804.
694 2455 1106 2551 Imperator
1191 2452 1632 2549 Aquisgrani
1700 2451 2093 2541 hiemavit3
2175 2465 2456 2527 aestate

299 2566 544 2627 autem
575 2553 649 2624 in
695 2552 1092 2625 Saxoniam
1125 2552 1342 2625 ducto
1386 2552 1735 2646 exercitu,
1789 2565 2068 2625 omnes*
2101 2554 2221 2648 qui
2253 2565 2457 2626 trans

296 2653 589 2727 Albiam
643 2662 718 2724 et
767 2652 842 2724 in
894 2648 1371 2724 Wihmuodi²
1418 2650 1853 2724 habitabant
1904 2652 2237 2725 Saxones
2291 2676 2457 2725 cum

297 2752 726 2827 mulieribus
782 2765 857 2826 et
907 2751 1301 2825 infantibus
1356 2751 1728 2824 transtulit
1778 2751 1850 2823 in
1901 2751 2327 2845 Franciam7
2384 2764 2458 2826 et

291 2878 526 2951 pagos
579 2851 1145 2927 Transalbianos
1194 2851 1566 2924 Abodritis
1618 2850 1841 2923 dedit.
1942 2851 2222 2925 Eodem
2274 2863 2456 2923 tem-

294 2976 475 3051 pore
530 2953 1017 3047 Godofridus,
1091 2975 1217 3023 rex
1271 2951 1690 3045 Danorum,
1743 2949 1945 3023 venit
1997 2975 2165 3023 cum
2218 2952 2456 3024 classe

295 3078 429 3126 sua
482 3075 767 3124 necnon
836 3063 910 3124 et
981 3050 1181 3122 omni
1235 3051 1561 3146 equitatu
1631 3048 1843 3144 regni
1896 3049 2010 3121 sui
2063 3049 2157 3120 ad
2210 3052 2455 3121 locum

297 3154 418 3250 qui
487 3151 750 3224 dicitur
811 3147 1305 3246 sliesthorp³,
1389 3150 1462 3221 in
1534 3147 1847 3221 confinio
1915 3148 2125 3242 regni
2197 3148 2308 3221 sui
2380 3160 2457 3221 et

295 3252 681 3327 Saxoniae.
784 3248 1125 3322 Promisit
1178 3249 1400 3343 enim,
1455 3272 1536 3320 se
1591 3247 1679 3319 ad
1728 3247 2171 3345 colloquium
2224 3247 2453 3344 impe-

293 3353 561 3425 ratoris
628 3361 1056 3445 venturum,
1129 3348 1261 3420 sed
1331 3346 1637 3421 consilio
1707 3370 2009 3420 suorum
2077 3346 2453 3444 inhibitus,
2520 3345 2547 3371 '

345 3451 597 3548 ropius
649 3475 796 3522 non
849 3448 1177 3523 accessit.
1283 3448 1696 3545 Imperator
1757 3457 2005 3519 autem
2058 3471 2281 3544 super
2331 3448 2454 3520 Al-

293 3477 493 3622 biam
544 3547 849 3621 fluvium
901 3548 1242 3644 sedebat,
1298 3546 1369 3619 in
1424 3549 1588 3620 loco
1643 3546 1765 3645 qui
1818 3545 2077 3618 dicitur
2128 3546 2454 3619 Holdun-

294 3645 533 3744 steti²¹7
587 3660 664 3722 et
712 3649 940 3721 missa
992 3647 1085 3720 ad
1138 3647 1628 3721 Godofridum
1681 3646 2052 3740 legatione
2107 3669 2238 3744 pro
2289 3668 2454 3742 per-

299 3801 346 3875 1)
388 3799 685 3863 candidati,
745 3798 1072 3853 scholarium
1125 3798 1181 3852 in
1216 3798 1417 3869 palatio
1456 3798 1676 3864 dassia,
1717 3798 1783 3851 ad
1823 3799 2120 3853 custodiam
2158 3797 2459 3866 imperato-

292 3893 411 3929 rum
450 3872 696 3926 adhibiti.
851 3870 904 3942 2)
942 3888 1142 3942 paguS,
1191 3872 1247 3925 in
1287 3887 1393 3943 quo
1429 3867 1645 3934 Brema,
1684 3870 1823 3924 intra
1861 3868 2042 3924 Albim
2081 3878 2134 3923 et
2171 3868 2456 3923 Wisaram.

290 3947 344 4017 3)
383 3945 704 4017 Schleswig;
740 3947 843 4014 wiy
877 3945 1019 3998 enim
1059 3943 1347 4008 civitatem,
1384 3945 1435 3997 tlt
1569 3944 1748 3996 villam
1788 3943 2006 4000 indicat.
2146 3941 2197 4013 4)
2218 3941 2459 4004 Hollen-

291 4020 430 4074 stedi.
495 4018 705 4073 duobus
761 4017 828 4071 ab
896 4014 1056 4070 Albia
1122 4018 1420 4070 miliaribus
1525 4014 1837 4077 ermanicis‚
1904 4031 1936 4068 e
1991 4014 2217 4070 meridie
2273 4015 2457 4085 oppidi

288 4089 573 4163 Hau-burm
633 4092 738 4146 iam
804 4107 965 4161 supra
1025 4106 1166 4142 anno
1230 4093 1333 4150 795
1390 4087 1546 4143 Liine
1599 4104 1719 4140 cum
1790 4086 1955 4140 fluvio
2005 4085 2132 4141 Albi
2203 4086 2456 4156 coniungi

288 4163 534 4222 vidimus.
