3027 4904
1121 369 1201 442 A.
1255 368 1420 445 799.
1472 341 1646 444 eoo.
2375 370 2472 447 45
2555 374 2560 383 ’

293 548 660 648 praesidia
693 548 1080 648 disposuit,
1133 552 1405 648 pascha
1445 551 1520 624 in
1560 550 1868 624 Centulo
1902 551 2095 650 apud
2137 562 2470 625 sanctum

294 651 716 723 Richarium
753 649 1174 726 celebravit.
1278 652 1458 723 Inde
1511 651 1782 724 iterum
1835 675 1967 748 per
2019 651 2189 725 litus
2240 652 2469 725 maris

293 750 430 822 iter
475 774 730 846 agens,
785 751 1278 845 Ratumagum
1330 750 1705 824 civitatem
1758 751 1984 847 venit,
2038 750 2467 849 ibiqueSe-

297 874 536 946 quana
589 873 805 922 amne
859 849 1320 946 transmisso,
1376 851 1710 924 Turonos
1763 849 1855 921 ad
1894 859 2231 925 sanctum
2276 854 2468 924 Mar-

296 949 533 1022 tinum
598 949 948 1023 orationis
1016 973 1239 1023 causa
1306 951 1683 1048 profectus
1756 961 1907 1047 est,
1981 963 2315 1024 moratus
2369 951 2468 1024 ibi

299 1049 458 1122 dies
506 1050 789 1148 aliquot
839 1060 1145 1147 propter
1196 1049 1596 1124 adversam
1628 1049 2079 1145 Liutgardae
2134 1048 2467 1145 coniugis

296 1149 820 1244 valitudinem,
886 1150 1101 1246 quae.
1139 1148 1415 1222 ibidem
1484 1161 1560 1223 et
1623 1150 1974 1225 defuncta
2042 1156 2117 1223 et
2165 1150 2469 1223 humata

297 1260 449 1321 est:
505 1248 686 1323 obiit
737 1260 988 1323 autem
1042 1248 1239 1321 diem
1291 1250 1357 1321 2.
1415 1250 1597 1322 Non.
1650 1249 1806 1321 Iun.
1908 1248 2087 1321 Inde
2136 1254 2274 1347 per
2322 1251 2468 1321 Au-

296 1348 618 1422 relianos
689 1372 774 1421 ac
840 1348 1158 1423 Parisios
1227 1348 1690 1446 Aquasgrani
1757 1372 2103 1423 reversus
2173 1357 2327 1443 est,
2394 1360 2470 1423 et

299 1470 557 1520 mense
620 1449 951 1543 Augusto
1040 1450 1429 1521 inchoante
1499 1449 2049 1542 Mogontiacum
2133 1448 2466 1543 venienS,

300 1549 726 1642 generalem
795 1561 1238 1623 conventum
1292 1547 1588 1621 2ihide‘m
1657 1547 1970 1642 habuit,
2032 1559 2108 1620 et
2184 1549 2325 1621 iter
2394 1548 2467 1620 in

300 1647 587 1719 ltaliam
640 1649 993 1723 condixit:
1064 1659 1286 1746 atque
1342 1647 1510 1720 inde
1563 1649 1983 1747 profectus,
2039 1671 2206 1720 cum
2258 1671 2467 1719 exer-

300 1747 446 1820 citu
510 1749 937 1821 Ravennam
989 1750 1228 1844 venit,
1307 1749 1555 1844 ibique
1608 1760 1898 1846 septem
1949 1772 2097 1820 non
2152 1747 2466 1844 amplius

300 1847 456 1923 dies
523 1859 895 1944 moratus,
972 1846 1359 1947 Pippinum
1423 1847 1657 1919 filium
1712 1872 1929 1920 suum
1982 1871 2150 1920 cum
2202 1847 2469 1921 eodem

300 1949 621 2021 exercitu
677 1948 751 2019 in
799 1960 1076 2022 terram
1113 1948 1808 2021 Beneventanorum
1856 1948 1964 2019 ire
2001 1945 2257 2040 iussit,
2311 1970 2469 2019 mo·

298 2070 630 2142 vensque
716 2047 808 2117 de
879 2048 1229 2119 Ravenna
1302 2048 1522 2119 simul
1585 2071 1754 2119 cum
1819 2045 2012 2141 filio,
2088 2048 2467 2118 Anconam

302 2168 537 2241 usque
588 2148 963 2241 pervenit,
1035 2170 1177 2243 quo
1250 2145 1350 2217 ibi
1405 2144 1755 2238 dimisso,
1809 2146 2124 2237 Romam
2179 2144 2469 2242 profici-

300 2245 549 2318 scitur.
696 2245 829 2319 Cui
897 2269 1065 2318 cum
1128 2245 1366 2343 pridie
1430 2269 1654 2342 quam
1720 2244 1847 2318 illo
1914 2243 2237 2341 veniret,
2316 2243 2466 2317 Leo

299 2368 490 2442 papa
544 2345 737 2440 apud
780 2342 1271 2419 No1nentum¹
1326 2345 1794 2439 occurrisset,
1848 2354 1925 2416 et
1976 2368 2144 2435 cum
2196 2368 2469 2438 magna

303 2469 476 2516 eum
529 2444 1004 2517 veneratione
1056 2445 1330 2517 ibidem
1383 2442 1870 2542 suscepisset,
1922 2454 2092 2538 post
2132 2466 2467 2538 coenam,

303 2567 446 2637 qua
497 2542 718 2613 simul
773 2542 1031 2615 refecti
1083 2553 1296 2638 sunt,
1363 2543 1490 2615 illo
1546 2541 1644 2615 ibi
1696 2554 2083 2638 manente,
2138 2541 2468 2639 pontifex

305 2642 398 2712 ad
451 2641 709 2713 urbem
761 2641 1207 2739 praecessit,
1275 2650 1350 2714 et
1399 2641 1476 2713 in
1530 2640 1935 2715 crastinum
1986 2640 2060 2712 in
2112 2638 2467 2736 gradibus

302 2740 650 2813 basilicae
703 2741 898 2816 beati
936 2741 1131 2818 Petri
1181 2742 1498 2840 apostoli
1551 2766 1719 2816 cum
1764 2739 2131 2841 episcopis
2183 2750 2260 2813 et
2311 2739 2470 2812 uni-

303 2866 520 2915 verso
575 2842 772 2915 clero
827 2842 1282 2936 consistens,
1334 2838 1905 2915 advenientem²
1954 2864 2292 2938 equoque
2345 2839 2470 2913 de-

306 2941 783 3014 scendentem
834 2943 990 3015 Deo
1047 2939 1304 3015 laudes
1358 2941 1670 3014 dicendo
1724 2951 1796 3013 et
1845 2940 2124 3036 gratias
2178 2940 2467 3037 agendo

307 3039 670 3137 suscepit,
725 3051 801 3113 et
852 3044 1127 3115 cunctis
1180 3040 1669 3138 psallentibus
1723 3041 1794 3113 in
1834 3040 2225 3113 ecclesiam
2278 3040 2469 3111 eius-

305 3139 478 3211 dem
557 3138 964 3212 beatissimi
1041 3140 1354 3237 apostoli
1436 3140 1672 3212 Deum
1755 3137 2180 3234 glorificans
2253 3148 2468 3234 atque

305 3238 788 3333 magnificans
854 3238 1277 3312 introduxit.
1393 3238 1616 3311 Facta
1687 3248 1860 3309 sunt
1895 3238 2112 3309 ‘haec
2161 3235 2241 3309 8.
2304 3237 2467 3314 Kal.

304 3338 648 3411 Decemb.
753 3338 930 3411 Post
981 3349 1265 3436 septem
1317 3361 1496 3410 vero
1553 3336 1712 3409 dies
1753 3359 1886 3407 rex
1940 3335 2292 3410 concione
2340 3362 2467 3410 vo-

307 3448 510 3529 cata,
562 3444 692 3509 cur
741 3437 1055 3510 Romam
1104 3438 1470 3533 venisset,
1543 3435 1882 3510 omnibus
1933 3435 2322 3534 patefecit,
2394 3447 2470 3510 et

307 3535 570 3608 exinde
624 3533 889 3610 cotidie
955 3550 1258 3638 propter
1309 3560 1496 3633 quae
1548 3547 1851 3609 venerat
1908 3535 2246 3608 facienda
2294 3558 2468 3631 ope-

305 3658 470 3707 ram
535 3634 929 3731 impendit,
997 3638 1071 3708 in
1139 3636 1400 3734 quibus
1468 3637 1592 3708 vel
1650 3634 2055 3709 maximum
2105 3636 2226 3708 vel
2265 3633 2469 3715 ‚dissi-2

310 3787 358 3858 1)
396 3783 683 3841 Nomento.
816 3784 868 3852 2)
906 3785 1089 3841 Medio
1129 3805 1261 3842 aevo
1298 3788 1649 3857 imperatores
1685 3788 1751 3841 ad
1788 3797 2030 3844 veterum
2066 3785 2471 3855 magistratuum

305 3860 659 3913 imitationem
704 3855 805 3910 Via
854 3856 1190 3930 Triumphali
1239 3877 1338 3932 per
1387 3870 1621 3915 montem
1671 3859 1905 3915 Marium
1955 3860 2029 3931 (iu
2080 3876 2187 3930 quo
2237 3858 2469 3928 primum

306 3932 600 3994 laetissimo
639 3929 788 3984 urbis
826 3931 930 3985 sibi
969 3932 1245 3988 subiectae
1283 3939 1504 4003 aspectu
1539 3931 1851 4003 gauderent)
1904 3939 2115 4003 portam
2150 3928 2469 4001 Angelicam

308 4005 506 4058 intrare
542 4003 687 4057 soliti
726 4012 878 4066 sunu
936 4020 1059 4056 nam
1097 4022 1232 4070 non,
1288 4006 1482 4077 quibus
1521 4023 1621 4057 nos
1657 4005 1892 4068 utimur,
1929 4004 2014 4058 via
2053 4013 2107 4058 et
2182 4009 2296 4058 orta
2335 4001 2470 4056 Fla-

306 4076 469 4132 minia
520 4087 574 4131 et
622 4084 785 4146 ponte
819 4074 1026 4130 Mulvio
1063 4074 1290 4138 Romam
1327 4078 1616 4150 petierunt.
1696 4072 1857 4129 Anno
1909 4086 2087 4133 tamen
2168 4076 2323 4131 hristi
2358 4077 2469 4133 800

306 4148 479 4202 sancti
515 4147 665 4205 Petri
718 4149 942 4204 basilica
980 4148 1155 4210 adhuc
1202 4159 1349 4207 extra
1388 4149 1586 4212 Urbem
1623 4149 1723 4204 sita
1760 4157 1890 4205 erat.
2275 4193 2280 4198 .
