3027 4904
541 351 637 427 82
774 308 789 317 ’
1164 350 1619 425 EINHARDI
1670 351 2102 426 ANNALES

547 530 979 606 societatem
1046 534 1253 626 regni
1321 544 1699 629 receptuS,
1781 555 1968 628 quae
2042 556 2161 606 res
2239 535 2718 630 tranquillum

547 632 740 704 inter
808 653 936 704 eos
996 630 1214 703 buius
1287 631 1644 728 temporis
1715 643 1983 704 statum
2065 632 2331 706 fecisse
2401 646 2715 731 putatur.

549 730 698 805 Sed
771 730 938 826 quia
991 730 1452 825 Ceadragus,
1524 730 2043 803 Abodritorum
2097 732 2482 829 princeps,
2552 756 2719 830 per-

548 828 766 905 fidiae
836 840 909 913 et
973 829 1352 902 cuiusdam
1419 853 1588 903 cum
1641 828 1808 901 filiis
1864 830 2246 903 Godofridi
2311 834 2549 904 factae
2602 857 2718 906 so-

550 927 834 1001 cietatis
889 927 1320 1018 notabatur,
1376 928 1778 1020 Sclaomir,
1835 930 2172 1002 aemulus
2226 929 2411 1027 eius,
2466 931 2536 1002 in
2593 955 2719 1028 pa·-

548 1027 764 1101 triam
825 1026 1260 1122 remittitur,
1340 1027 1461 1123 qui
1527 1051 1694 1102 cum
1761 1027 1833 1098 in
1903 1027 2299 1102 Saxoniam
2370 1031 2718 1124 venisset,

552 1125 1015 1220 aegritudine
1069 1126 1448 1221 decubuit,
1515 1136 2013 1224 perceptoque
2081 1128 2425 1226 baptismi
2481 1154 2720 1202 sacra-

549 1236 842 1320 mento,
913 1224 1304 1299 defunctus
1378 1236 1511 1299 est.
1628 1226 2092 1301 Autumnalis
2162 1228 2349 1301 satio
2419 1227 2719 1323 iugitate

546 1324 967 1422 pluviarum
1045 1323 1117 1395 in
1205 1324 1641 1421 quibusdam
1708 1325 1889 1397 locis
1959 1327 2310 1423 impedita
2379 1339 2527 1421 est,
2606 1326 2717 1400 cui

551 1423 788 1495 hiems
856 1424 930 1494 in
1002 1433 1288 1497 tantum
1351 1423 1636 1520 prolixa
1703 1425 2056 1498 successit
2125 1438 2199 1499 et
2266 1450 2569 1523 aspera,
2638 1432 2720 1500 ut

549 1547 694 1595 non
751 1523 995 1594 solum
1031 1521 1357 1595 minores
1413 1522 1546 1594 rivi
1592 1546 1677 1593 ac
1730 1523 2140 1597 mediocres
2176 1524 2405 1620 fluvii,
2459 1547 2718 1597 verum

550 1619 690 1718 ipsi
758 1620 1062 1703 maximi
1132 1645 1217 1692 ac
1271 1621 1749 1694 famosissimi
1803 1646 2099 1719 amneS,
2169 1625 2467 1697 Rhenus
2518 1624 2717 1694 vide-

555 1721 730 1791 licet
780 1744 866 1797 ac
915 1719 1333 1815 Danubius,
1402 1720 1753 1816 Albisque
1806 1745 1898 1793 ac.
1946 1722 2327 1819 Sequana,
2398 1735 2719 1795 caetera-

551 1841 693 1915 que
799 1842 880 1891 er
913 1819 1230 1891 Galliam
1285 1830 1505 1914 atque
1536 1819 2010 1892 Germaniam
2065 1846 2422 1894 oceanum
2465 1834 2719 1920 peten-

496 1917 651 1990 ‘tia
732 1845 1040 1991 Rumina
1122 1919 1308 1990 adeo
1383 1917 1618 1991 solida
1686 1919 1920 2013 glacie
1988 1921 2564 2018 stringerentur,
2646 1933 2723 1993 ut

549 2017 846 2090 tricenis
919 2017 1035 2088 vel
1105 2040 1194 2088 eo
1250 2017 1567 2113 amplius
1622 2016 1879 2090 diebus
1931 2019 2258 2115 plaustra
2310 2022 2453 2093 huc
2504 2031 2721 2116 atque

551 2116 725 2187 illuc
777 2118 1268 2188 commeantia
1319 2118 1525 2189 velut
1575 2117 1921 2213 pontibus
1957 2117 2197 2193 iuncta
2244 2120 2721 2212 sustinerent,

554 2214 759 2288 cuius
830 2215 1186 2288 resolutio
1267 2240 1412 2286 non
1495 2216 1867 2288 modicum
1943 2218 2139 2291 villis
2215 2220 2413 2292 iuxta
2488 2217 2720 2292 Rheni

552 2312 832 2387 fluenta
884 2314 1300 2389 constitutis
1353 2315 1702 2409 damnum
1758 2315 2019 2389 intulit.

702 2412 871 2488 822.
914 2412 1026 2486 ,In
1093 2414 1396 2510 regione
1449 2414 1996 2510 Thuringorum
2046 2417 2361 2514 quodam
2414 2418 2489 2490 in
2558 2418 2719 2489 loco

553 2513 751 2586 iuxta
804 2510 1155 2608 fluvium,
1223 2512 1464 2609 cespis
1516 2514 1975 2610 longitudine
2043 2519 2316 2612 pedum
2372 2518 2722 2614 quinqua-

553 2635 855 2707 genum,
909 2613 1293 2685 latitudine
1326 2614 1972 2709 quattuordenum,
2028 2617 2409 2689 altitudine
2447 2614 2724 2712 sesqui-

553 2712 823 2807 pedali,
877 2713 967 2784 de
1019 2724 1216 2786 terra
1258 2711 1417 2785 sine
1450 2713 1789 2786 manibus
1831 2725 1905 2786 et
1945 2715 2319 2811 praecisus
2365 2726 2439 2787 et
2483 2714 2725 2786 subla-

552 2823 675 2884 tus
729 2820 868 2903 est,
921 2820 996 2881 et
1047 2811 1137 2882 ab
1193 2835 1279 2883 eo
1333 2812 1522 2908 loco,
1578 2811 1648 2884 in
1704 2836 1845 2910 quo
1900 2824 2240 2909 sumptus
2277 2823 2414 2909 est,
2466 2811 2724 2907 viginti

556 2909 875 3006 quinque
928 2910 1198 3006 pedum
1253 2911 1488 3008 spatio
1546 2912 1826 2985 distans
1895 2912 2237 2986 inventus
2289 2922 2425 2985 est.
2540 2913 2726 2985 Item

555 3008 628 3079 in
680 3021 891 3106 parte
943 3009 1274 3082 orientali
1317 3011 1679 3083 Saxoniae
1728 3034 1915 3108 quae
1954 3011 2407 3085 Soraborum
2460 3010 2727 3083 finibus

556 3108 902 3203 contigua
952 3121 1093 3203 est,
1147 3108 1218 3181 in
1271 3110 1589 3205 quodam
1645 3110 1940 3183 deserto
1992 3112 2182 3208 loco,
2236 3112 2434 3184 iuxta
2486 3112 2727 3182 lacum

558 3207 677 3303 qui
732 3207 993 3280 dicitur
1044 3205 1400 3305 Arnseo·1,
1456 3210 1529 3281 in
1583 3210 1896 3283 modum
1943 3211 2240 3306 aggeris
2293 3223 2489 3283 terra
2539 3210 2725 3280 intu-

556 3305 780 3400 muit,
847 3317 922 3378 et
983 3306 1293 3380 limitem
1364 3308 1577 3381 unius
1645 3310 1919 3404 leugae
1968 3310 2424 3404 longitudine
2478 3329 2726 3403 porre-

558 3415 757 3478 ctum
812 3404 947 3478 sub
1000 3407 1215 3479 unius
1268 3407 1502 3480 noctis
1554 3408 1789 3503 spatio
1832 3407 2110 3503 absque
2144 3404 2445 3479 humani
2482 3403 2727 3502 operis
2795 3497 2798 3504 .

557 3504 939 3577 molimine
991 3505 1085 3577 ad
1138 3506 1368 3577 instar
1417 3505 1591 3577 valli
1644 3505 1994 3577 subrexit.
2095 3504 2526 3601 WinigisuS,
2582 3504 2728 3576 dux

559 3602 1000 3700 SpolitinuS,
1071 3605 1218 3677 iam
1291 3602 1495 3676 senio
1566 3605 1978 3697 confectus,
2050 3603 2300 3678 habitu
2369 3603 2728 3678 saeculari

560 3700 934 3800 deposito,
1005 3702 1460 3775 monasticae
1527 3704 2063 3778 conversationi
2126 3728 2208 3777 se
2261 3702 2729 3801 mancipavit,

560 3824 647 3873 ac
709 3827 854 3875 non
924 3802 1153 3875 multo
1220 3812 1390 3898 post
1454 3813 1693 3876 tactus
1747 3803 2076 3903 corporis
2127 3802 2554 3877 infirmitate
2606 3802 2728 3873 de-

561 3901 824 3995 cessit,
902 3902 977 3974 in
1046 3903 1249 3992 curius
1315 3903 1558 3975 locum
1637 3903 1934 4001 Supp0,
2011 3901 2347 3976 Brixiae²
2415 3900 2728 3975 civitatis

558 4023 834 4096 comeS,
877 4001 1315 4076 substitutus
1358 4014 1488 4076 est.
1580 4002 1910 4076 Domnus
1944 4004 2373 4100 imperator,
2419 3998 2726 4075 consilio

562 4119 611 4190 1)
658 4121 808 4175 lacus
845 4118 1125 4176 Arendsee
1164 4122 1218 4175 in
1257 4120 1501 4178 Marchia
1540 4124 1725 4180 veteri.
1872 4119 1926 4194 2)
1977 4121 2217 4178 Brescia.
