3027 4904
1138 374 1218 444 A.
1273 371 1439 446 826.
1493 372 1662 446 827.
1983 370 1990 377 ’
2397 381 2495 454 97

312 554 521 650 regni
591 553 702 628 sui
767 554 1124 628 terminos
1196 555 1386 628 tueri
1439 557 1833 655 praecepiat
1958 559 2172 647 Quod
2226 557 2331 633 ita
2382 562 2489 632 fa-

312 667 511 728 ctum
565 665 787 749 esset,
844 655 914 726 ni
970 654 1239 726 ducum
1293 654 1575 729 desidia
1629 681 1822 752 quos
1863 657 2313 731 Francorum
2367 683 2489 731 ex-

310 754 564 827 ercitui
616 755 1114 852 praefecerat,
1170 755 1449 828 tardius
1505 779 1725 852 quarn
1779 779 2031 828 rerum
2085 758 2486 832 necessitas

306 853 767 952 postulabat,
822 855 883 926 is
937 877 1156 950 quem
1212 854 1579 928 ducebant
1632 855 1723 927 ad
1776 879 2105 928 marcam
2160 857 2488 933 venisset

309 953 693 1028 exercitus.
802 955 1006 1041 Quae
1060 953 1370 1028 tarditas
1423 954 1496 1026 in
1552 967 1839 1028 tantum
1893 958 2111 1029 noxia
2164 958 2337 1052 fuit,
2404 969 2483 1030 ut

307 1053 800 1166 Abumarvan,
858 1053 1161 1125 vastatis
1214 1052 1867 1128 Barcinonensium
1922 1079 2008 1127 ac
2050 1057 2481 1129 Gerunden-

306 1154 499 1226 sium
567 1153 765 1247 agris
832 1151 1171 1249 villisque
1239 1151 1598 1250 incensiS,
1673 1154 1949 1227 cunctis
2014 1155 2238 1226 etiam
2293 1180 2479 1252 quae

306 1263 512 1324 extra
565 1250 787 1323 urbes
843 1252 1225 1324 invenerat
1277 1252 1610 1351 direptis,
1665 1277 1831 1324 cum
1885 1253 2230 1326 incolomi
2271 1279 2477 1327 exer-

308 1352 453 1425 citu
518 1351 1187 1447 Caesaraugustam
1244 1375 1335 1424 se
1404 1353 1608 1451 prius
1676 1353 2079 1449 reciperet,
2146 1378 2369 1450 quam
2435 1379 2479 1427 a

309 1462 558 1523 nostro
614 1451 936 1523 exercitu
989 1451 1107 1524 vel
1161 1451 1393 1523 videri
1446 1452 1828 1549 potuisset.
1951 1452 2182 1525 Huius
2247 1454 2477 1526 cladis

302 1551 690 1647 praesagia
725 1550 1001 1622 credita
1040 1561 1210 1624 sunt
1246 1550 1447 1623 visae
1480 1550 1914 1625 multoties
1895 1576 1968 1622 m
2013 1553 2217 1624 coelo
2254 1552 2475 1649 acies»,

304 1663 377 1723 et
449 1651 570 1722 ille
654 1650 1003 1723 terribilis
1084 1661 1485 1723 nocturnae
1557 1652 2081 1724 coruscationis
2158 1651 2232 1722 in
2303 1660 2474 1724 ae‘re

303 1750 698 1822 discursus.
813 1750 1223 1847 Imperator
1283 1761 1567 1843 autem,
1643 1750 1929 1823 duobus
1993 1750 2472 1829 conventibus

301 1849 607 1941 habitiS,
674 1873 818 1920 uno
888 1850 1078 1946 apud
1131 1848 1578 1943 Niumagum
1631 1862 1934 1947 propter
1994 1851 2219 1922 falsas
2271 1851 2470 1923 Hoh-

300 1949 471 2045 rici,
526 1948 653 2020 filii
710 1948 1095 2022 Godofridi
1146 1948 1345 2043 regis
1397 1949 1816 2045 Danorum,
1883 1949 2468 2046 pollicitationes,

300 2049 561 2146 quibus
615 2071 695 2120 se
740 2049 864 2119 illo
905 2048 996 2118 ad
1040 2046 1508 2142 imperatoris
1540 2050 2037 2145 praesentiam
2075 2059 2471 2120 venturum

298 2147 774 2245 promiserat,
845 2148 1076 2219 altero
1148 2147 1343 2241 apud
1415 2147 1993 2244 Compendium,
2068 2147 2141 2218 in
2197 2173 2340 2245 quo
2394 2160 2470 2220 et

300 2246 637 2320 annualia
691 2246 886 2317 dona
938 2248 1299 2342 suscepit,
1356 2257 1428 2318 et
1480 2246 1596 2318 his
1651 2247 1772 2343 qui
1825 2247 1916 2318 ad
1970 2270 2296 2319 marcam
2331 2248 2465 2319 -Hi-

298 2350 672 2445 spanicam
725 2344 1061 2419 mittendi
1132 2355 1381 2440 erant,
1446 2345 1618 2442 quid
1685 2346 1803 2418 vel
1871 2346 2179 2443 qualiter
2242 2371 2466 2442 agere

299 2446 677 2543 deberent,
731 2444 1140 2543 imperavit,
1194 2446 1351 2541 ipse
1405 2444 1597 2519 inter
1640 2444 2175 2542 compendium
2222 2458 2298 2519 et
2332 2448 2467 2520 Ca-

296 2547 643 2620 risiacum
698 2558 1085 2643 ceteraque
1138 2545 1254 2617 his
1306 2544 1541 2617 vicina
1595 2545 1870 2642 palatia
1922 2569 2154 2642 usque
2211 2545 2302 2617 ad
2354 2546 2464 2618 hi-

295 2647 501 2719 berni
572 2645 924 2742 temporis
1002 2644 1285 2718 initium
1365 2657 1846 2719 conversatus
1912 2657 2045 2718 est.
2174 2646 2465 2718 Interea

294 2769 513 2844 reges
567 2746 969 2840 Danorum,
1024 2744 1153 2816 filii
1195 2744 1537 2819 videlicet
1567 2744 1974 2836 Godofridi,
2028 2745 2463 2826 Herioldum

295 2847 386 2917 de
440 2846 804 2918 consortio
859 2845 1069 2940 regni
1137 2845 1524 2938 eicientes,
1604 2845 2248 2916 Nordmannorum
2301 2844 2463 2916 fini-

293 2945 428 3018 bus
482 2945 835 3017 excedere
889 2945 1421 3040 compulerunt.
1542 2943 1841 3038 Bulgari
1910 2967 2199 3040 quoque
2260 2944 2462 3017 Scla-

292 3070 425 3117 vos
479 3045 549 3116 in
605 3043 972 3115 Pannonia
1029 3043 1409 3136 sedentes,
1489 3044 1714 3114 misso
1770 3065 1902 3139 per
1953 3043 2280 3116 Dravum
2334 3068 2462 3115 na·

178 3199 185 3206 .
296 3145 434 3215 vali
489 3142 835 3236 exercitu,
891 3143 1088 3214 ferro
1144 3156 1217 3215 et
1267 3142 1419 3237 igni
1470 3151 1970 3236 vastaverunt,
2026 3153 2098 3213 et
2136 3142 2459 3239 expulsis

292 3268 548 3315 eorum
604 3243 932 3337 ducibus,
984 3240 1410 3336 Bulgaricos
1454 3264 1677 3337 super
1729 3264 1858 3312 eos
1912 3250 2238 3314 rectores
2288 3266 2457 3313 con-

293 3343 703 3415 stituerunt.
804 3340 1179 3436 Eugenius
1214 3364 1404 3438 papa
1441 3363 1698 3412 mense
1744 3340 2077 3433 Augusto
2114 3339 2457 3434 decessit,

295 3442 366 3511 in
422 3443 623 3513 cuius
678 3444 922 3513 locum
977 3441 1401 3513 Valentinus
1456 3439 1803 3512 diaconus
1872 3463 1914 3510 a
1965 3440 2315 3513 Romanis
2384 3451 2459 3513 et

294 3542 600 3632 electus,
657 3553 728 3613 et
781 3540 1198 3636 ordinatuS,
1254 3540 1374 3614 vix
1430 3564 1653 3611 unum
1707 3562 2042 3611 mensem
2095 3540 2168 3611 in
2220 3540 2455 3637 ponti-

290 3640 513 3713 ficatu
567 3640 985 3736 complevit,
1041 3665 1182 3736 quo
1229 3640 1602 3730 defuncto,
1656 3637 2059 3733 Gregorius
2095 3638 2458 3735 presbiter

291 3740 482 3814 tituli
536 3740 767 3813 sancti
819 3740 1043 3811 Marci
1098 3739 1402 3832 electUS,
1455 3737 1587 3810 sed
1641 3763 1786 3809 non
1830 3738 2030 3834 prius
2079 3736 2457 3830 ordinatus

289 3851 440 3935 est,
507 3864 726 3935 quam
797 3839 1084 3934 legatus
1150 3836 1617 3934 imperatoris
1683 3838 1996 3909 Romam
2065 3837 2308 3932 venit,
2383 3847 2458 3908 et

290 3938 731 4012 electionem
783 3937 1071 4033 populi,
1138 3937 1372 4034 qualis
1440 3946 1680 4030 esset,
1753 3935 2216 4008 examinavit.
2320 3936 2456 4008 Le-

290 4040 439 4133 gati
495 4037 922 4111 Michahelis
978 4034 1444 4133 imperatoris
1511 4036 1603 4106 de
1674 4034 2305 4132 Constantinopoli
2362 4036 2455 4106 ad

210 4197 217 4200 ,
288 4138 815 4236 imperatorem
882 4136 1089 4233 quasi
1165 4147 1468 4235 propter
1543 4133 1804 4211 foedus
1876 4134 2455 4212 confirmandum

1859 4255 1905 4324 7
