3027 4904
1128 384 1207 457 A.
1258 382 1424 459 782
1478 383 1646 461 783.
1770 404 1790 441 ·.
2176 438 2190 487 p.
2380 384 2476 459 25

305 587 468 638 ram
535 562 882 667 fluvium,
952 564 1027 638 in
1091 565 1256 639 loco
1328 567 1449 662 qui
1516 561 1808 639 Ferdi1
1847 560 2201 662 vocatur,
2270 564 2477 641 iussu

306 666 513 761 regis
581 689 839 739 omnes
905 687 1050 737 una
1118 667 1238 737 die
1307 665 1657 738 decollati
1722 677 1913 740 sunt.
2038 664 2477 742 Huiusmodi

304 765 659 839 vindicta
678 775 1140 865 perpetrata,
1193 787 1325 837 rex
1363 765 1763 838 Theodone
1815 765 1991 838 villa
2041 765 2116 837 in
2168 766 2479 841 hiberna

308 865 712 963 concessit,
789 866 1034 963 ibique
1101 866 1423 937 natalem
1489 864 1825 967 Domini,
1901 865 2006 938 ibi
2077 876 2167 939 et
2200 869 2479 965 pascha

306 988 515 1037 more
567 966 786 1039 solito
854 963 1275 1037 celebravit.
1989 1002 1996 1007 ·
2045 1010 2070 1021 --
2437 1016 2440 1019 ι

454 1066 621 1140 783.
694 1064 1123 1139 Adridente
1164 1062 1361 1138 veris
1413 1064 1812 1162 temperie,
1887 1087 2056 1138 cum
2109 1062 2202 1136 ad
2257 1088 2478 1164 expe·

304 1161 664 1237 ditionem
729 1161 1168 1236 Saxonicam
1238 1187 1321 1236 se
1385 1175 1905 1262 praeparasset
1975 1205 2066 1217 ·-
2145 1188 2317 1236 nam
2384 1165 2478 1238 de

304 1263 733 1336 omnimoda
785 1286 1043 1335 eorum
1088 1262 1501 1335 defectione
1555 1263 1646 1335 ad
1702 1286 1872 1335 eum
1925 1264 2291 1365 perlatum
2320 1266 2479 1338 fue-

304 1375 423 1436 rat
462 1404 552 1419 --
597 1362 1022 1461 priusquam
1077 1362 1169 1434 de
1223 1374 1634 1437 memorata
1684 1362 1860 1434 villa
1905 1377 2272 1461 moveret,
2327 1365 2481 1437 Hil-

307 1461 630 1556 digardis
698 1464 957 1558 regina
1025 1486 1212 1534 uxor
1280 1463 1438 1536 eius
1510 1463 1826 1536 decessit
1893 1461 1960 1535 2.
2014 1463 2171 1535 Kal.
2226 1464 2477 1539 Maias.

306 1562 531 1636 cuius
585 1564 824 1635 funeri
899 1586 1070 1636 cum
1120 1585 1329 1635 more
1382 1563 1697 1636 solemni
1748 1562 1939 1635 iusta
1991 1565 2477 1662 persolveret,

307 1664 382 1733 in
413 1662 836 1759 Saxoniam,
890 1663 1080 1736 sicut
1123 1661 1564 1761 dispositum
1616 1661 1960 1758 habebat,
2016 1662 2219 1737 duxit
2272 1687 2478 1736 exer·

306 1763 551 1835 citum.
682 1763 1013 1860 Cumque
1086 1762 1418 1836 Saxones
1485 1763 1561 1835 in
1630 1787 1718 1835 eo
1790 1763 1952 1834 loco
2022 1763 2143 1859 qui
2211 1763 2481 1838 Theot-

304 1859 563 1934 melli²
612 1875 958 1958 vocatur,
1031 1861 1122 1934 ad
1175 1886 1500 1960 pugnam
1556 1886 1637 1936 se
1689 1885 2130 1961 praeparare
2185 1860 2480 1962 compe-

306 1960 568 2058 risset,
641 1960 734 2034 ad
800 1986 930 2036 eos
996 1974 1271 2074 quanta
1333 1962 1574 2060 potuit
1639 1962 2013 2035 eeleritate
2066 1964 2481 2060 contendit,

307 2062 851 2174 commissoque
899 2084 1067 2134 cum
1120 2060 1227 2134 eis
1258 2063 1567 2157 proelio,
1621 2072 1824 2136 tanta
1876 2086 2005 2135 eos
2058 2062 2280 2135 caede
2313 2088 2481 2162 pro·

311 2160 614 2256 stravit,
669 2173 750 2234 ut
801 2160 893 2233 de
947 2161 1462 2233 innumerabili
1517 2184 1775 2234 eorum
1808 2160 2271 2235 multitudine
2315 2187 2481 2261 per-

308 2260 521 2357 pauci
586 2261 912 2336 evasisse
982 2260 1331 2335 dicantur.
1449 2262 1780 2359 Cumque
1846 2260 1937 2334 de
2001 2262 2163 2333 loco
2218 2263 2482 2361 proelii

309 2360 403 2432 ad
435 2359 1008 2433 Padrabrunnon
1059 2384 1142 2433 se
1196 2384 1362 2432 cum
1416 2363 1739 2434 exercitu
1785 2360 2213 2458 recepisset,
2267 2374 2483 2460 atque

310 2460 413 2532 ibi
465 2461 725 2533 castris
779 2460 1037 2557 positis
1089 2472 1380 2557 partem
1435 2460 1832 2555 exercituS,
1882 2483 2069 2557 quae
2123 2461 2365 2533 adhuc
2391 2463 2484 2535 de

312 2559 617 2632 Francia
669 2559 922 2631 venire
975 2560 1370 2655 debuerat,
1424 2559 1878 2656 operiretur,
1934 2557 2213 2632 audivit
2253 2559 2481 2635 Saxo·-

312 2683 445 2731 nes
500 2659 573 2730 in
625 2657 892 2733 finibus
925 2659 1503 2733 westfalaorum
1557 2683 1781 2757 super
1818 2657 2145 2731 fluvium
2163 2658 2486 2734 Hasam3

311 2758 405 2832 ad
458 2758 598 2831 hoc
631 2759 1094 2856 congregari,
1148 2770 1229 2832 ut
1267 2757 1368 2831 ibi
1421 2783 1588 2832 cum
1640 2783 1754 2856 eo,
1809 2759 1870 2832 si
1922 2759 2275 2858 venisset,
2326 2760 2485 2864 acie

310 2856 816 2955 confligerent.
886 2860 1099 2947 Quo
1120 2858 1374 2933 nuntio
1415 2869 1871 2956 commotus,
1895 2859 2262 2934 adunatis
2299 2884 2483 2957 quae

310 2971 472 3032 tum
541 2959 631 3030 ad
686 2983 766 3032 se
818 2961 1177 3032 venerant
1233 2983 1562 3057 quasque
1628 2970 1800 3032 ante
1852 2983 2106 3032 secum
2167 2959 2487 3033 habebat

313 3058 761 3131 Francorum
816 3060 1087 3156 copiis,
1154 3060 1248 3131 ad
1319 3060 1565 3132 locum
1614 3059 1740 3130 ubi
1796 3055 2224 3154 congregati
2278 3069 2487 3131 erant

312 3158 473 3232 sine
554 3158 900 3231 dilatione
968 3159 1347 3256 profectus
1417 3168 1574 3253 est,
1655 3181 2245 3253 congressusque
2316 3181 2486 3231 cum

310 3257 444 3351 eis,
499 3255 760 3331 eade'm
814 3280 955 3353 qua
1009 3268 1085 3329 et
1134 3257 1338 3355 prius
1372 3257 1722 3330 felicitate
1776 3256 2167 3329 dimicavit.
2250 3257 2486 3331 Caesa

314 3368 429 3431 est
507 3382 767 3432 eorum
843 3354 1125 3429 infinita
1204 3356 1636 3453 multitudo,
1718 3353 2101 3455 spoliaque
2157 3356 2485 3456 direpta,

300 3457 772 3551 ‘captivorum
825 3480 1116 3555 quoque
1168 3480 1482 3552 magnus
1537 3456 1895 3531 abductus
1947 3467 2086 3530 est
2111 3479 2485 3560 numerus.

313 3555 495 3628 Inde
565 3557 798 3631 victor
861 3557 953 3629 ad
1024 3557 1385 3631 orientem
1437 3558 1579 3630 iter
1630 3554 2030 3652 convertit,
2081 3552 2486 3654 primoque

314 3677 550 3753 usque
603 3655 694 3726 ad
733 3656 1127 3750 Wisurarn,
1184 3656 1447 3729 deinde
1478 3679 1713 3753 usque
1767 3657 1859 3728 ad
1880 3653 2186 3728 Albiam
2224 3655 2489 3729 cuncta

317 3754 769 3830 devastando
813 3755 1253 3867 peragravit.
1332 3755 1511 3830 Inde
1552 3780 1895 3831 reversus
1948 3755 2024 3827 in
2075 3751 2483 3852 Franciam,

314 3855 522 3929 duxit
591 3877 897 3927 uxorem
950 3852 1179 3927 filiam
1233 3854 1520 3930 Radolfi
1576 3856 1878 3930 comitis.
1915 3853 2211 3927 natione
2259 3853 2319 3927 F
2321 3878 2485 3927 ran·-

316 3979 516 4053 cam,
585 3953 887 4028 nomine
938 3954 1406 4051 Fastradam,
1476 3980 1565 4028 ex
1633 3979 1775 4052 qua
1839 3954 2021 4026 duas
2072 3952 2273 4028 filias
2312 3979 2484 4053 pro·

254 4071 267 4076 “
316 4054 611 4129 creavit.
693 4053 972 4128 Eodem
1030 4077 1219 4127 anno
1260 4055 1607 4129 defuncta
1645 4065 1762 4128 est
1813 4053 2049 4127 bonae
2081 4054 2484 4131 memoriae

320 4177 367 4249 1)
407 4177 637 4236 Verden.
783 4176 835 4250 2)
873 4174 1143 4232 Detmold.
1287 4177 1342 4250 3)
1380 4180 1434 4232 in
1473 4178 1626 4233 cuius
1663 4178 1781 4250 ripa
1817 4175 2159 4234 Osnabruck.
