3027 4904
1144 365 1227 434 A.
1281 363 1451 438 806.
1507 363 1677 437 807.
1749 426 1754 427 γ
2403 366 2500 438 53

331 556 539 641 parte
594 542 954 637 Virginis,
1019 543 1192 615 luna
1261 555 1508 617 autem
1563 543 1635 615 in
1691 542 1976 616 decima
2029 554 2236 617 sexta
2288 556 2498 642 parte

327 643 684 736 Piscium3
751 644 891 714 hoc
963 654 1210 715 autem
1281 668 1472 715 anno
1547 643 1784 740 pridie
1849 645 2008 716 Kal.
2081 644 2290 716 Febr.
2361 647 2499 718 fuit

326 743 502 814 luna
555 741 840 815 decima
871 743 1211 853 septima,
1267 743 1559 840 quando
1614 743 1828 814 stella
1864 742 2058 815 Iovis
2112 744 2318 841 quasi
2363 769 2496 842 per

327 863 497 912 eam
552 842 861 915 transire
917 867 1071 914 visa
1126 853 1261 935 est,
1318 852 1391 913 et
1444 843 1510 917 3.
1569 841 1672 913 Id.
1727 839 1932 913 Febr.
1989 843 2125 916 fuit
2180 844 2493 955 eclypsis

326 941 505 1013 solis
558 941 802 1014 media
855 942 1013 1034 die,
1069 951 1308 1013 stante
1362 952 1677 1038 utroque
1731 941 2036 1013 sidere
2017 967 2088 1013 in
2142 942 2492 1015 vicesima

324 1039 576 1136 quinta
642 1052 852 1139 parte
921 1041 1238 1136 Aquarii.
1371 1041 1646 1113 Iterum
1715 1045 1781 1117 4
1849 1042 2008 1113 Kal.
2076 1044 2283 1115 Mart.
2355 1043 2495 1116 fuit

246 1172 251 1175 -
323 1140 641 1237 eclypsis
712 1143 967 1236 lunae,
1036 1150 1110 1211 et
1164 1150 1667 1250 apparuerunt
1729 1140 1922 1213 acies
1976 1140 2236 1213 eadem
2280 1153 2492 1214 nocte

323 1240 555 1310 milae
594 1238 1144 1334 magnitudinis,
1200 1252 1274 1311 et
1323 1239 1437 1311 sol
1481 1237 1686 1312 stetit
1733 1238 1805 1310 in
1844 1239 2227 1312 undecima
2280 1253 2490 1337 parte

321 1338 666 1434 Piscium,
721 1348 796 1409 et
845 1339 1019 1410 luna
1070 1338 1145 1409 in
1198 1337 1584 1410 undecima
1637 1349 1841 1435 parte
1878 1339 2233 1451 Virginis.
2300 1341 2486 1412 Nam

323 1448 398 1509 et
450 1439 667 1510 stella
718 1436 1059 1509 Mercurii
1117 1440 1232 1510 16.
1285 1438 1445 1511 Kal.
1499 1438 1771 1534 Aprilis
1823 1437 1982 1511 visa
2037 1450 2151 1512 est
2203 1438 2274 1510 in
2329 1440 2487 1511 sole

323 1535 531 1632 quasi
585 1561 810 1634 parva
865 1538 1155 1609 macula
1210 1537 1455 1631 nigra,
1513 1538 1892 1634 paululum
1946 1538 2281 1635 superius
2328 1562 2483 1610 me-

321 1635 440 1707 dia
494 1649 745 1709 centro
800 1636 1132 1708 eiusdem
1168 1636 1457 1730 sideris,
1512 1660 1699 1732 quae
1752 1660 1793 1707 a
1847 1636 2058 1709 nobis
2112 1647 2275 1710 octo
2326 1636 2485 1711 dies

320 1736 786 1833 conspicitur.
892 1736 1041 1808 Sed
1094 1736 1380 1831 quando
1437 1737 1760 1832 primum
1814 1733 2112 1808 intravit
2160 1736 2280 1808 vel
2336 1738 2482 1808 exi-

319 1835 447 1930 vit,
488 1834 802 1907 nubibus
844 1833 1416 1932 impedientibus
1454 1834 1761 1907 minime
1793 1846 2048 1908 notare
2088 1836 2481 1932 potuimus.

318 1934 592 2007 lterum
646 1958 904 2007 mense
956 1936 1264 2029 Augusti
1338 1936 1452 2006 11.
1507 1936 1664 2007 Kal.
1717 1934 2091 2033 Septemb.
2165 1936 2481 2031 eclypsis

319 2034 537 2104 lunae
611 2035 804 2106 facta
870 2045 985 2105 est
1043 2036 1225 2106 hora
1277 2034 1512 2106 noctis
1565 2033 1825 2129 tertia,
1904 2036 2060 2107 sole
2114 2035 2353 2131 posito
2407 2035 2481 2106 in

319 2134 571 2228 quinta
600 2144 803 2230 parte
834 2132 1146 2227 Virginis
1186 2144 1259 2205 et
1303 2134 1474 2205 luna
1513 2133 1589 2204 in
1617 2133 1866 2230 quinta
1906 2146 2118 2230 parte
2144 2134 2478 2206 Piscium.

317 2231 584 2328 Sicque
662 2232 752 2303 ab
818 2233 989 2303 anni
1055 2231 1456 2330 superioris
1537 2232 2003 2332 Septembrio
2077 2257 2309 2330 usque
2386 2233 2479 2304 ad

314 2332 960 2429 annhpraesentis
1030 2332 1580 2429 Septembrium
1657 2345 1773 2406 ter
1848 2332 2021 2403 luna
2093 2332 2479 2406 obscurata

316 2443 429 2504 est
479 2441 555 2504 et
607 2433 719 2505 sol
772 2432 1022 2504 semel.
1076 2434 1081 2439 ’
1152 2432 1604 2524 Radbertus,
1658 2432 1929 2504 missus
1981 2431 2476 2529 imperatoris,

315 2530 436 2626 qui
491 2530 584 2601 de
620 2530 903 2603 oriente
956 2531 1485 2626 revertebatur,
1541 2530 1928 2604 defunctus
1963 2542 2100 2624 est,
2156 2543 2232 2604 et
2276 2531 2476 2626 lega-

311 2639 433 2702 tus
483 2631 683 2724 regis
739 2631 1168 2727 Persarum,
1237 2631 1534 2702 nomine
1583 2629 1937 2723 Abdella,
2002 2655 2170 2702 cum
2223 2654 2476 2702 mona-

313 2728 469 2801 chis
523 2728 615 2801 de
668 2729 1178 2826 Hierusalem,
1250 2731 1371 2828 qui
1437 2730 1810 2825 legatione
1865 2731 2192 2803 Thomae
2252 2730 2474 2827 patri-

312 2829 577 2901 archae
632 2829 1167 2926 fungebantur,
1247 2855 1559 2928 quorum
1633 2828 1930 2903 nomina
1982 2831 2189 2902 fuere
2243 2832 2474 2904 Geor-

311 2928 478 3021 gius
545 2938 620 3000 et
693 2930 890 3002 Felix
967 2930 1115 3025 [hic
1182 2930 1549 3026 Georgius
1631 2942 1744 3003 est
1821 2928 2009 3001 abba
2078 2928 2150 3000 in
2222 2941 2474 3002 monte

314 3026 608 3122 Oliveti,
663 3039 738 3101 et
790 3029 901 3100 cui
954 3028 1189 3126 patria
1232 3029 1627 3102 Germania
1681 3042 1817 3124 est,
1873 3028 1993 3124 qui
2047 3028 2268 3101 etiam
2305 3053 2474 3125 pro-

309 3126 468 3240 prio
535 3136 841 3199 vocatur
904 3128 1201 3198 nomine
1266 3128 1714 3223 Egilbaldus.
1818 3125 1990 3197 Αηη.
2056 3125 2308 3218 Laur.]
2380 3126 2475 3197 ad

308 3228 836 3325 imperatorem
889 3239 1408 3340 per,venerunt
1461 3248 1770 3297 munera
1811 3226 2231 3299 deferentes
2285 3249 2475 3321 quae

306 3326 726 3426 praedictus
796 3351 924 3399 rex
978 3325 1402 3439 imperatori
1457 3323 1803 3419 miserat,
1873 3324 1947 3395 id
2001 3336 2115 3398 est
2164 3324 2473 3423 papilio-

309 3449 480 3497 nem
543 3438 618 3499 et
685 3427 1003 3500 tentoria
1067 3425 1230 3499 atrii
1297 3424 1529 3496 mirae
1597 3422 2120 3520 magnitudinis
2190 3437 2263 3498 et
2313 3426 2472 3523 pul-

310 3525 780 3620 chritudinis3
836 3537 1045 3600 erant
1096 3525 1294 3598 enim
1347 3524 1595 3598 omnia
1647 3523 1962 3619 bissina,
2025 3536 2179 3597 tam
2233 3535 2468 3597 tento-

312 3625 419 3697 ria
487 3648 709 3721 quam
772 3637 846 3698 et
915 3629 1128 3698 funes
1183 3649 1481 3721 eorum,
1551 3622 1862 3697 diversis
1933 3622 2157 3697 tincta
2209 3622 2472 3695 colori

310 3724 469 3796 bus.
606 3724 927 3797 Fuerunt
1012 3735 1395 3821 piaeterea
1475 3747 1782 3796 munera
1871 3720 2183 3821 praefati
2274 3720 2471 3815 regis

309 3824 531 3921 pallia
601 3821 814 3894 sirica
886 3825 1117 3896 multa
1184 3835 1258 3896 et
1320 3822 1692 3920 preciosa,
1773 3834 1846 3896 et
1912 3821 2204 3894 odores
2250 3829 2470 3917 atque

311 3934 685 4018 unguenta
738 3934 813 3995 et
864 3923 1319 4015 balsamum3
1389 3946 1676 3994 necnon
1732 3934 1805 3994 et
1859 3918 2326 4030 horologium
2381 3927 2471 3993 ex'

309 4023 669 4096 auricalco
737 4032 895 4094 arte
962 4022 1405 4094 mechanica
1458 4020 1766 4092 mirifice
1821 4017 2327 4116 conpositum,
2395 4020 2469 4092 in

310 4148 449 4217 quo
506 4119 892 4195 duodecim
946 4122 1292 4194 horaium
1351 4144 1609 4195 cursus
1669 4119 1759 4192 ad
1815 4118 2251 4217 clepsidram
2310 4144 2468 4194 ver-
