3027 4904
1123 372 1206 447 A.
1262 374 1435 448 800.
1489 370 1657 447 801.
2205 346 2218 356 ’
2373 315 2497 449 ιη’

300 556 654 629 bitatores
707 553 1042 650 nobiles,
1096 548 1217 650 qui
1273 554 1494 628 simul
1548 577 1810 627 omnes
1863 551 2128 626 eadem
2178 567 2469 630 senten-

299 657 400 729 tia
453 655 776 727 damnati
831 663 1022 727 sunt.
1103 654 1478 729 Ordinatis
1532 654 1799 727 deinde
1836 653 2214 728 Romanae
2268 657 2470 731 urbis

297 768 373 828 et
425 753 810 854 apostolici
862 756 1235 850 totiusque
1288 756 1542 829 Italiae
1614 778 1762 849 non
1816 762 2104 826 tantum
2154 756 2470 853 publicis

299 855 433 929 sed
485 855 710 928 etiam
781 853 1322 928 ecclesiasticis*
1364 867 1440 929 et
1500 855 1809 952 privatis
1870 853 2093 926 rebus
2147 893 2240 908 --·
2295 881 2472 928 nam

297 966 457 1028 tota
506 955 752 1028 hieme
805 979 953 1027 non
1016 953 1213 1039 aliud
1265 955 1440 1029 fecit
1489 955 1896 1053 imperator
1949 995 2042 1006 --
2095 955 2470 1052 missaque

302 1054 570 1128 iterum
638 1055 714 1127 in
766 1053 1331 1136 Beneventanos
1403 1056 1869 1153 expeditione
1935 1078 2114 1126 cum·
2143 1055 2470 1153 -Pippino

297 1154 448 1227 filio
503 1179 678 1252 suo,
733 1154 893 1252 ipse
947 1165 1117 1252 post
1165 1155 1440 1252 pascha
1495 1157 1563 1228 7.
1610 1155 1921 1229 Kalend.
1966 1155 2206 1228 Maias
2227 1156 2472 1227 ‘Roma

297 1257 713 1353 profectus,
803 1254 1215 1352 Spoletium
1292 1254 1515 1328 venit.
1642 1254 1751 1326 lbi
1836 1253 2014 1326 dum
2080 1267 2320 1352 esset,
2379 1255 2469 1327 '22

300 1354 610 1427 Kalend.
678 1353 912 1426 Maias
977 1355 1162 1427 hora
1225 1354 1463 1428 noctis
1534 1355 1875 1429 secunda=
1913 1367 2172 1429 terrae
2224 1366 2471 1428 motus

301 1454 665 1527 maximus
719 1455 957 1528 factus
1012 1466 1167 1551 est,
1237 1479 1379 1552 quo
1447 1464 1606 1530 tota
1658 1456 1867 1530 Italia
1920 1455 2246 1550 graviter
2298 1472 2469 1528 con-

303 1578 518 1628 cussa
569 1566 701 1627 est.
809 1556 970 1643 Quo
1024 1566 1229 1627 motu
1295 1565 1569 1627 tectum
1625 1553 1966 1626 basilicae
2018 1554 2213 1631 beati
2266 1555 2471 1647 Pauli

303 1655 617 1752 apostoli
670 1678 944 1750 magna
996 1678 1086 1726 ex
1138 1666 1347 1752 parte
1403 1679 1572 1727 cum
1625 1654 1777 1727 suis
1806 1653 2141 1728 trabibus
2175 1654 2469 1750 decidit⁷

303 1764 378 1826 et
453 1754 523 1825 in
593 1754 1027 1851 quibusdam
1097 1753 1277 1828 locis
1344 1754 1566 1828 urbes
1635 1766 2075 1851 montesque
2111 1766 2469 1827 ⁴ruerunt.

300 1853 582 1925 Eodem
635 1877 828 1925 anno
882 1855 1042 1925 loca
1095 1853 1459 1950 quaedam
1526 1852 1720 1926 circa
1771 1855 2108 1953 Rhenum
2163 1853 2473 1926 fluvium

304 1965 377 2026 et
422 1953 495 2024 in
551 1953 790 2025 Gallia
843 1963 919 2025 et
968 1953 1040 2024 in
1095 1953 1493 2025 Germania
1545 1963 2027 2027 tremuerunt.
2057 1954 2068 2029 ,’
2119 1953 2473 2026 Pestilen—

302 2053 403 2124 tia
468 2061 773 2148 propter
839 2052 1229 2123 mollitiem
1293 2052 1580 2125 hiberni
1651 2052 2008 2151 temporis
2076 2054 2272 2142 facta*
2335 2065 2471 2126 est.

305 2151 715 2246 Imperator
769 2149 859 2220 de
914 2149 1245 2247 Spoletio
1291 2152 1721 2227 Ravennam
1787 2151 2015 2245 venit⁷
2068 2163 2145 2225 et
2196 2152 2474 2249 aliquot

307 2248 465 2322 dies
520 2249 618 2321 ibi
671 2261 1043 2346 moratus,
1116 2250 1814 2349 Papiam‘perrexit.
1936 2249 2045 2322 Ibi
2096 2251 2475 2325 nuntiatur

307 2351 411 2440 ei,
467 2350 757 2445 legatos
808 2352 1093 2445 Aaron,
1167 2351 1367 2445 regis
1420 2351 1858 2445 Persarum,
1915 2348 2215 2447 portum
2267 2351 2474 2423 Pisas

305 2449 664 2541 intrasse3
731 2448 992 2543 quibus
1064 2448 1357 2521 obviam
1427 2451 1776 2543 mittens,
1841 2447 2036 2521 inter
2096 2449 2473 2522 Vercellos

307 2558 382 2619 et
448 2544 935 2645 Eporediam1
999 2571 1129 2620 eos
1203 2547 1342 2619 sibi
1413 2549 1591 2621 fecit
1653 2547 2135 2646 praesentari.
2265 2549 2474 2623 Unus

306 2645 503 2717 enim
556 2669 647 2718 ex
700 2645 808 2719 eis
879 2658 1040 2720 erat
1093 2646 1317 2719 Persa
1369 2646 1463 2719 de
1518 2648 1845 2745 oriente,
1916 2648 2208 2743 legatus
2261 2672 2474 2747 prae·

308 2745 623 2843 dictique
675 2745 873 2843 regis
915 2786 1002 2799 --
1062 2770 1234 2818 nam
1287 2746 1432 2820 duo
1485 2748 1783 2821 fuerant
1824 2793 1930 2842 -.
1977 2748 2167 2824 alter
2217 2746 2474 2824 Sarra-

305 2870 530 2920 cenus
608 2846 702 2919 de
773 2845 1061 2942 Africa,
1130 2847 1421 2942 legatus
1475 2847 1769 2922 amirati
1834 2845 2302 2945 Abraham2‚‘
2350 2846 2473 2947 qui

309 2947 382 3016 in
448 2944 763 3017 confinio
830 2945 1124 3018 Africae
1187 2946 1259 3019 in
1329 2944 1685 3024 Fossatoff·
1763 2946 2272 3045 praesidebat3
2353 2948 2473 3045 qui

308 3044 514 3115 Isaac
535 3043 914 3139 Iudaeum⁷
967 3070 1187 3141 quem
1230 3045 1635 3142 imperator
1686 3045 2475 3144 ante'quadriennium

309 3142 404 3214 ad
456 3154 953 3215 memoratum
1007 3168 1269 3239 regem
1311 3145 1706 3218 Persarum
1760 3170 1928 3217 cum
1978 3145 2355 3217 Lantfrido
2403 3157 2476 3218 et

311 3241 748 3338 Sigimundo
840 3242 1106 3336 legatis
1190 3242 1344 3315 suis
1413 3244 1762 3341 miserat,
1839 3268 2226 3318 reversum
2306 3269 2475 3317 cum

309 3343 599 3437 magnis
665 3340 1094 3415 muneribus
1163 3341 1706 3416 nuntiaverunt.
1811 3344 1998 3418 Nam
2051 3343 2476 3419 Lantfridus

311 3464 396 3511 ac
466 3441 943 3536 Sigimundus
1014 3440 1236 3515 ambo
1306 3442 1381 3514 in
1468 3443 1733 3517 eodem
1783 3443 2073 3517 itinere
2151 3443 2476 3519 defuncti

312 3549 502 3611 sunt.
620 3540 807 3611 Tum
886 3541 1011 3614 ille
1094 3542 1296 3616 misit
1357 3542 1903 3617 Ercanbaldum
1966 3543 2337 3617 notarium
2399 3545 2475 3616 in

309 3636 688 3733 Liguriam
740 3638 834 3709 ad
884 3641 1199 3713 classem
1250 3644 1695 3739 parandam,
1751 3668 1893 3740 qua
1946 3644 2229 3717 elefans
2284 3656 2357 3716 et
2391 3667 2477 3715 ea

312 3762 500 3834 quae
571 3760 740 3809 cum
825 3760 912 3809 eo
984 3738 1550 3814 adferebantur
1585 3742 2226 3830 subveherentur„
2306 3742 2475 3842 Ipse

310 3861 528 3930 vern,
585 3835 955 3909 celebrato
1010 3838 1127 3912 die
1179 3841 1406 3914 natali
1459 3844 1691 3916 sancti
1726 3842 2073 3915 Iohannis
2114 3841 2475 3940 baptistae

310 3937 506 4036 apud
581 3936 1064 4035 Eporediam,
1126 3940 1352 4039 Alpes
1429 3954 1948 4038 transgressus.
2012 3941 2089 4014 in
2157 3942 2475 4020 Galliam

309 4061 657 4111 reversus
723 4047 856 4109 est.
984 4037 1155 4135 Ipsa
1231 4052 1510 4117 aestate
1576 4054 1791 4140 capta
1856 4052 1972 4116 est
2043 4042 2472 4138 Barcinona,

318 4155 364 4227 1)
401 4155 570 4216 lvrea.
718 4157 772 4232 2)
813 4157 1051 4214 lbrahim
1087 4157 1206 4215 Ben
1241 4157 1433 4252 §glab
1580 4160 1634 4233 3)
1671 4161 1880 4231 Fumat,
1917 4181 2088 4237 prope
2124 4164 2401 4220 Kabiram.
2447 4144 2452 4151 ¹
