3027 4904
535 333 637 407 54
1145 329 1596 403 EINHARDI
1648 327 2081 402 ANNALES

540 511 873 607 tebatur,
926 535 1094 584 cum
1145 512 1450 587 totidem
1503 511 1739 583 aereis
1791 510 2086 609 pilulis,
2134 529 2322 605 quae
2375 506 2467 579 ad
2508 530 2707 580 com·

540 612 947 708 pletionem
1017 613 1367 684 horarum
1419 609 1891 707 decidebant,
1969 620 2043 682 et
2105 630 2279 682 casu
2342 632 2484 680 -suo
2539 607 2709 679 sub-

540 710 814 784 iectum
865 710 1004 784 sibi
1055 711 1451 786 cimbalum
1500 711 1770 783 tinnire
1833 707 2239 804 faciebant,
2320 705 2588 779 additis
2636 706 2711 778 in

542 810 809 884 eodem
861 809 1534 908 eiusdemnumeri
1589 809 1992 908 equitibus,
2064 809 2185 904 qui
2249 830 2384 905 per
2436 805 2710 878 duode-

544 910 687 982 cim
739 912 1109 1005 fenestras„
1157 910 1545 1008 completis
1593 908 1797 982 horis
1851 909 2227 1004 exiebant,
2283 917 2359 979 et
2411 905 2710 1002 inpulsu

545 1009 995 1103 egressionis
1079 1035 1257 1084 suae
1335 1009 1650 1082 totidem
1734 1011 2137 1105 fenestras,
2233 1030 2421 1104 quae
2510 1004 2712 1102 prius

544 1119 759 1181 erant
827 1119 1162 1208 apertae,
1230 1110 1707 1205 claudebant,
1776 1133 2060 1182 necnon
2131 1118 2206 1180 et
2272 1106 2416 1178 alia
2479 1106 2713 1178 multa

544 1220 754 1283 erant
823 1209 895 1280 in
975 1210 1140 1306 ipso
1218 1210 1651 1304 horologio,
1747 1231 1934 1305 quae
2013 1231 2207 1280 nunc
2275 1227 2711 1279 enumerare

548 1308 849 1403 longum
918 1322 1050 1382 est.
1187 1309 1511 1382 Fuerunt
1587 1318 1972 1406 praeterea
2062 1307 2253 1381 inter
2338 1305 2711 1403 praedicta

542 1430 852 1479 munera
904 1408 1344 1481 candelabra
1394 1409 1541 1480 duo
1596 1432 1681 1480 ex
1736 1407 2097 1479 auricalco
2152 1404 2384 1478 mirae
2428 1401 2711 1499 magni-

542 1506 814 1580 tudinis
894 1519 966 1580 et
1042 1508 1540 1606 proceritatis,
1626 1531 1815 1604 quae
1891 1507 2138 1579 omnia
2214 1507 2288 1578 in
2366 1506 2713 1601 Aquense

542 1606 829 1704 palacio
916 1608 1009 1679 ad
1070 1607 1601 1705 imperatorem
1671 1607 1919 1678 delata
1986 1617 2176 1679 sunt.
2300 1606 2714 1702 Imperator

542 1706 873 1800 legatum
912 1718 983 1779 et
1011 1708 1414 1779 monachos
1458 1730 1594 1803 per
1629 1707 2082 1802 aliquantum
2134 1717 2426 1802 tempus
2459 1726 2713 1777 secum

544 1805 911 1900 retinens,
978 1806 1052 1877 in
1104 1806 1392 1877 Italiam
1444 1806 1742 1903 direxit,
1812 1818 2029 1902 atque
2083 1804 2184 1876 ibi
2234 1827 2363 1876 eos
2418 1812 2713 1899 tempus

544 1905 1035 2003 navigationis
1066 1916 1457 2005 expectare
1489 1905 1741 2000 iussit,
1796 1906 2204 2001 eodemque
2249 1927 2440 1974 anno
2490 1902 2711 1974 Burc-

542 2003 858 2076 hardum
937 2006 1283 2079 comitem
1353 2005 1618 2078 stabuli
1699 2005 1811 2078 sui
1878 2030 2047 2078 cum
2099 2005 2336 2076 classe
2386 2001 2588 2075 misit
2638 2000 2713 2072 in

547 2103 963 2202 Corsicam,
1029 2116 1108 2177 ut
1158 2129 1324 2176 eam
1379 2129 1422 2177 a
1474 2105 1793 2202 Mauris,
1857 2106 1977 2202 qui
2032 2102 2535 2201 superioribus
2588 2124 2714 2172 an-

546 2202 659 2275 nis
723 2203 899 2276 illuc
977 2205 1413 2302 praedatum
1476 2205 1731 2277 venire
1804 2213 2382 2294 consueverant,
2419 2257 2422 2259 >
2460 2200 2762 2272 defen-‘

547 2302 793 2397 deret,
861 2303 982 2400 qui
1037 2304 1233 2378 iuxta
1287 2303 1898 2377 consuetudinem
1952 2326 2163 2376 suam
2216 2302 2308 2373 de
2359 2299 2715 2399 Hispania

546 2402 855 2500 egressi,
907 2398 1147 2501 primo
1201 2403 1621 2478 Sardiniam
1671 2402 1961 2501 adpulsi
2014 2411 2209 2497 sunt,
2262 2400 2512 2498 ibique
2546 2422 2714 2472 cum

546 2502 816 2575 Sardis
852 2506 1132 2600 proelio
1189 2503 1622 2599 commisso,
1692 2514 1768 2576 et
1834 2502 2085 2576 multis
2137 2525 2441 2575 suorum
2494 2498 2714 2572 amis-

546 2600 649 2674 sis
704 2642 794 2654 —
849 2628 1024 2677 nam
1078 2604 1219 2676 tria
1272 2605 1473 2675 milia
1527 2602 1627 2676 ibi
1681 2602 2034 2677 cecidisse
2086 2601 2565 2700 perhibentur
2616 2644 2715 2656 —

545 2700 620 2772 in
674 2702 1046 2775 Corsicam
1109 2715 1310 2794 recto
1385 2728 1601 2777 cursu
1654 2711 2171 2800 pervenerunt.
2288 2699 2395 2771 lbi
2448 2700 2716 2772 iterum

546 2800 621 2871 in
691 2799 1008 2895 quodam
1078 2813 1296 2897 portu
1362 2801 1697 2874 eiusdem
1747 2802 2032 2874 insulae
2085 2823 2253 2872 cum
2307 2801 2544 2873 classe
2598 2796 2715 2870 cui

545 2897 1011 2971 Burchardus
1063 2913 1437 2998 praeerat,
1493 2900 1774 2999 proelio
1830 2902 2430 2993 decertaverunt,
2508 2897 2714 2971 victi-

546 2998 688 3093 que
759 3021 845 3070 ac
909 3000 1143 3094 fugati
1214 3012 1421 3097 sunt,
1499 3000 1794 3075 amissis
1865 3000 2223 3074 tredecim
2278 2997 2586 3071 navibus
2640 3009 2715 3070 et

543 3096 883 3196 plurimis
956 3123 1260 3171 suorum
1342 3100 1772 3173 interfectis.
1900 3101 2106 3173 Adeo
2174 3101 2301 3173 illo
2373 3122 2561 3169 anno
2639 3097 2714 3168 in

547 3198 887 3270 omnibus
940 3198 1119 3271 locis
1147 3198 1456 3272 adversa
1492 3202 1804 3273 fortuna
1856 3200 2144 3297 fatigati
2196 3209 2390 3291 sunt,
2443 3208 2523 3268 ut
2571 3193 2713 3291 ipsi

548 3294 687 3369 sibi
738 3297 878 3369 hoc
929 3298 1282 3371 accidisse
1333 3298 1584 3372 testati
1638 3299 1807 3395 sint,
1862 3325 1950 3373 eo
2006 3297 2199 3396 quod
2249 3319 2439 3368 anno
2495 3317 2711 3391 supe-

546 3394 743 3467 riore
796 3407 1049 3469 contra
1101 3422 1397 3470 omnem
1467 3399 1821 3472 iustitiam
1874 3398 1965 3469 de
2018 3391 2418 3470 Patelaria1
2470 3394 2715 3467 insula

548 3494 933 3590 sexaginta
988 3499 1390 3571 monachos
1458 3508 1874 3595 asportatos
1926 3496 2001 3567 in
2054 3494 2405 3594 Hispania
2459 3492 2712 3567 vendi-

548 3594 858 3690 derunt,
914 3621 1226 3693 quorum
1280 3598 1494 3693 aliqui
1551 3620 1684 3693 per
1739 3595 2263 3670 liberalitatem
2314 3595 2712 3693 imperato-

548 3693 649 3767 ris
700 3696 969 3769 iterum
1021 3697 1112 3768 ad
1167 3723 1301 3770 sua
1354 3699 1512 3769 loca
1566 3697 1847 3770 reversi
1890 3708 2081 3770 sunt.
2185 3694 2440 3769 Niceta
2492 3694 2713 3792 patri-

550 3794 741 3889 cius,
815 3796 934 3892 qui
1005 3822 1174 3869 cum
1250 3798 1487 3870 classe
1545 3796 2353 3894 Constantinopolitana
2407 3794 2716 3867 sedebat

549 3893 626 3965 in
687 3895 1030 3990 Venetia,
1110 3920 1291 3995 pace
1357 3898 1550 3969 facta
1623 3920 1791 3968 cum
1844 3897 2145 3995 Pippino
2200 3920 2416 3991 rege,
2486 3905 2558 3966 et
2609 3892 2714 3965 in-

549 3992 774 4068 dutiis
848 4018 1080 4092 usque
1175 3997 1268 4069 ad
1328 4019 1692 4069 ·mensem
1779 3997 2194 4092 Augustum
2276 3992 2714 4088 constitutiS,

555 4114 600 4190 1)
641 4119 784 4174 inter
818 4118 1058 4174 Siciliam
1112 4128 1165 4173 et
1204 4117 1442 4175 Africam
1481 4121 1601 4180 sita.
