3027 4904
550 365 650 439 60
1170 360 1622 435 ElNHARDI
1677 359 2108 435 ANNALES

554 544 813 620 classis
866 543 959 615 ad
1002 542 1301 641 propria
1346 543 1777 638 regreditur.
1880 541 2332 636 Hruodtrud,
2390 540 2540 614 filia
2594 536 2728 613 im-

551 643 917 743 peratoris
970 665 1156 738 quae
1209 651 1383 713 natu
1435 644 1675 714 maior
1724 651 1922 737 erat,
1977 642 2045 714 8.
2094 641 2266 714 Idus
2317 640 2472 712 lun.
2529 640 2729 713 diem

554 744 752 818 obiit.
866 742 1279 839 Imperator
1341 765 1520 814 vero
1574 741 2013 838 Aquisgrani
2079 741 2318 812 adhuc
2369 764 2601 835 agens
2654 751 2730 813 et

555 854 808 917 contra
863 840 1347 914 Godofridum
1417 864 1676 937 regem
1741 839 2281 938 expeditionem
2336 840 2729 934 meditans,

553 940 894 1016 nuntium
959 938 1279 1037 accepit,
1360 941 1680 1013 classem
1749 939 2231 1012 ducentarum
2285 940 2581 1011 navium
2637 939 2728 1010 de

553 1039 1058 1115 Nordmannia
1123 1037 1434 1112 Frisiam
1502 1037 1915 1137 appulisse,
1998 1048 2337 1135 totasque
2406 1037 2728 1111 Frisiaco

554 1139 751 1213 litori
845 1137 1266 1212 adiacentes
1363 1139 1642 1211 insulas
1720 1161 1885 1211 esse
1974 1149 2341 1233 vastatas⁷
2433 1138 2730 1232 iamque

557 1237 960 1312 exercitum
1011 1237 1221 1309 illum
1274 1236 1347 1309 in
1400 1237 1796 1311 continenti
1849 1261 2053 1332 esse,
2108 1249 2465 1334 ternaque
2518 1260 2728 1334 proe—

553 1339 654 1411 lia
706 1362 874 1410 cum
924 1336 1374 1409 Frisionibus
1427 1336 1912 1431 commisisse,
1964 1336 2361 1433 Danosque
2417 1337 2729 1410 victores

554 1436 911 1512 tributum
974 1436 1187 1509 victis
1256 1435 1716 1534 inposuisse,
1804 1446 1878 1508 et
1961 1436 2345 1532 vectigalis
2432 1435 2731 1508 nomine

558 1549 854 1610 centum
906 1535 1129 1608 libras
1182 1536 1469 1630 argenti
1525 1559 1569 1607 a
1607 1533 2058 1608 Frisionibus
2112 1537 2258 1608 iam
2313 1559 2478 1609 esse
2534 1535 2730 1609 solu-

557 1647 695 1732 taS,
751 1658 1008 1730 regem
1059 1658 1236 1706 vero
1269 1634 1755 1708 Godofridum
1808 1634 2007 1706 domi
2059 1658 2248 1708 esse.
2327 1635 2419 1707 Et
2470 1657 2734 1708 revera

558 1736 659 1810 ita
712 1746 890 1807 erat.
973 1734 1114 1822 Qui
1166 1733 1463 1806 nuntius
1517 1733 1701 1806 adeo
1736 1732 2262 1830 imperatorem
2313 1734 2732 1829 concitavit,

562 1846 642 1907 ut
691 1832 939 1906 missis
992 1833 1065 1904 in
1103 1856 1363 1906 omnes
1419 1833 1986 1930 circumquaque
2026 1834 2369 1929 regiones
2423 1834 2514 1904 ad
2560 1857 2732 1905 con-

557 1932 1023 2029 gregandum
1075 1932 1474 2005 exercitum
1527 1933 1839 2028 nuntiis,
1907 1933 2067 2030 ipse
2132 1932 2290 2005 sine
2341 1955 2550 2003 mora
2606 1957 2730 2029 pa-

559 2033 734 2106 latio
783 2032 1059 2127 exiens,
1119 2032 1356 2129 primo
1413 2032 1710 2129 quidem
1744 2031 1961 2105 classi
2004 2054 2412 2126 occurrere,
2465 2030 2733 2102 deinde

559 2130 994 2205 transmisso
1046 2130 1302 2204 Rheno
1373 2130 1713 2225 flumine,
1781 2132 1855 2204 in
1921 2133 2084 2204 loco
2151 2130 2272 2228 qui
2325 2130 2731 2228 Lippeham

558 2244 865 2304 vocatur
932 2230 1179 2328 copias
1253 2254 1440 2327 quae
1524 2231 1850 2302 nondum
1917 2241 2416 2303 convenerant
2483 2229 2735 2303 statuit

560 2330 870 2429 operiri3
940 2330 1065 2402 ubi
1133 2330 1312 2402 dum
1381 2329 1659 2428 aliquot
1710 2328 1868 2402 dies
1921 2341 2379 2425 moraretur,
2447 2330 2731 2411 elefans

559 2430 730 2527 ille,
818 2455 1040 2528 quem
1109 2429 1176 2503 ei
1241 2432 1488 2504 Aaron
1559 2454 1684 2502 rex
1758 2429 2338 2503 Sarracenorum
2400 2429 2730 2525 miserat,

560 2531 800 2606 subita
879 2542 1118 2604 morte
1185 2530 1421 2629 periit.
1551 2530 2033 2625 Congregatis
2109 2530 2409 2604 tandem
2477 2529 2732 2626 copiis,

561 2641 829 2727 quanta
880 2630 1118 2728 potuit
1168 2630 1543 2703 celeritate
1596 2629 1687 2701 ad
1722 2631 2037 2703 'Alaram
2090 2629 2397 2702 fluvium
2435 2640 2734 2702 conten-

563 2729 709 2826 dit,
762 2728 1168 2825 castrisque
1221 2727 1419 2802 iuxta
1474 2728 1973 2802 confluentem
2027 2729 2222 2825 eius,
2294 2753 2436 2825 quo
2490 2728 2732 2801 Wisu-

562 2851 689 2901 rae
758 2826 1041 2899 flumini
1110 2827 1620 2926 coniungitur,
1699 2829 2001 2927 positis,
2068 2831 2437 2901 minarum
2490 2826 2731 2901 Godo-

560 2926 731 3000 fridi
801 2926 998 3021 regis
1069 2928 1564 3024 praestolatur
1632 2939 2005 3001 eventum.
2131 2930 2318 3000 Nam
2387 2950 2515 3000 rex
2582 2926 2733 3021 ille⁷

561 3024 960 3100 vanissima
1031 3049 1164 3125 spe
1215 3027 1562 3100 victoriae
1614 3026 1949 3123 inflatu3‚
2021 3027 2175 3100 acie
2244 3052 2325 3101 se
2378 3051 2547 3099 cum
2600 3027 2733 3098 im·

562 3137 906 3225 peratore
960 3126 1311 3223 congredi
1367 3129 1557 3200 velle
1608 3127 1945 3201 iactabat.
2071 3127 2219 3200 *Sed
2274 3127 2449 3197 dum
2503 3126 2735 3223 impe-

563 3237 767 3299 rator
831 3225 906 3297 in
973 3238 1384 3300 memorato
1457 3226 1620 3300 loco
1676 3227 1944 3299 stativa
1996 3225 2345 3322 haberet,
2412 3224 2733 3296 diversa-

563 3349 729 3398 rum
803 3349 1055 3399 rerum
1122 3326 1358 3400 nuntii
1430 3324 1523 3396 ad
1596 3349 1767 3397 eum
1836 3326 2287 3397 deferuntur.
2405 3323 2593 3394 Nam
2661 3332 2737 3395 et

563 3427 878 3499 classem
942 3447 1128 3519 quae
1178 3423 1488 3496 Frisiam
1538 3422 1878 3496 vastabat
1930 3424 2233 3496 domum
2286 3444 2735 3518 regressam,
2819 3417 2825 3422 ⁴

564 3536 640 3599 et
703 3521 1190 3596 Godofridum
1254 3545 1511 3616 regem
1579 3546 1621 3593 a
1691 3521 2013 3618 quodam
2064 3546 2197 3595 suo
2253 3522 2574 3596 satellite
2626 3522 2734 3594 in-

563 3625 997 3714 terfectum,
1071 3621 1457 3694 castellum
1538 3621 1896 3695 vocabulo
1968 3617 2406 3694 Hohbuoki1
2476 3620 2734 3693 Albiae
2802 3647 2808 3654 ·

563 3721 846 3797 flumini
900 3720 1344 3818 adpositum,
1401 3721 1472 3792 in
1528 3747 1670 3819 quo
1708 3722 1869 3795 Odo
1924 3722 2214 3817 legatus
2269 3721 2736 3818 imperatoris

571 3856 619 3927 1)
659 3858 724 3912 de
776 3873 842 3911 eo
881 3855 1106 3909 multum
1145 3855 1227 3908 dis
1266 3862 1470 3919 utatur-3
1520 3856 1613 3909 alii
1650 3854 1931 3927 Hamburg
1969 3874 2086 3911 esse
2122 3864 2345 3926 putant,
2396 3855 2591 3927 quibus
2629 3854 2740 3907 ob-

564 3938 705 3983 stare
741 3928 979 3992 videtur,
1031 3927 1176 4000 quod
1279 3927 1502 3998 ambul-g
1548 3945 1578 3981 a
1617 3926 1808 3980 Wilzis
1853 3930 2016 3998 paulo
2067 3928 2281 3998 longius
2321 3927 2585 3990 distabat&
2642 3927 2738 3979 alii
2791 3951 2796 3962 ¹

565 3999 964 4071 Boitzenburg‚
1000 4001 1265 4055 vocabulo
1305 4009 1485 4054 tamen
1524 4000 1651 4053 satis
1689 4001 1942 4064 adversm
1993 3999 2221 4055 Biichen
2258 4000 2440 4070 potius
2480 3999 2642 4054 fuerit
2679 4000 2737 4052 in

567 4074 764 4129 ducatu
810 4071 1283 4143 Lauenburgensi,
1340 4089 1450 4128 non
1506 4073 1675 4143 magis
1727 4091 1885 4148 quam
1927 4074 1983 4128 in
2022 4075 2189 4128 altera
2227 4073 2343 4143 ripa
2382 4071 2735 4141 Hoklunsteti

568 4156 622 4202 et
653 4143 849 4200 Hliuni
899 4144 966 4200 ab
1001 4142 1162 4199 Albia
1215 4146 1434 4200 dietam.
2541 4129 2578 4165 ⁶
