3027 4904
1114 372 1193 442 A.
1247 369 1415 442 812.
1470 368 1640 444 813.
2368 375 2468 449 65

292 551 548 624 dolore
602 550 970 647 decubuit,
1026 564 1099 626 et
1142 555 1669 626 convalescens
1702 556 2162 650 Aquasgrani
2217 578 2466 628 rever·

292 675 420 724 sus
472 663 626 745 estg.
682 675 768 722 ac
819 652 1085 724 deinde
1136 653 1390 726 habito
1445 654 1776 746 generali
1830 667 2240 749 conventu,
2290 677 2464 728 evo·

290 762 536 822 catum
591 750 814 837 adse
866 753 1062 849 apud
1091 752 1552 848 Aquasgrani
1605 751 1839 824 filium
1892 777 2108 825 suum
2160 754 2465 826 Hludoi-

292 873 463 921 cum
513 850 941 947 Aquitaniae
1013 874 1311 948 regem,
1383 875 1735 923 coronam
1798 852 1904 924 illi
1960 853 2320 950 inposuit,
2390 866 2464 927 et

290 948 691 1045 imperialis
756 949 1070 1024 nominis
1138 950 1767 1023 sibi-consortem
1820 951 2034 1045 fecit,
2101 951 2462 1024 Bernhar-

291 1048 613 1145 dumque
642 1061 987 1147 nepotem
1041 1073 1282 1147 suum,
1336 1049 1571 1122 filium
1617 1050 1899 1149 Pippini
1951 1050 2083 1123 filii
2133 1053 2272 1147 sui,
2320 1052 2464 1124 Ita-

290 1149 432 1219 liae
503 1149 893 1246 praefecit,
962 1161 1035 1221 et
1086 1173 1346 1245 regem
1398 1151 1753 1248 appellari
1806 1151 2035 1224 iussit.
2141 1149 2465 1224 Concilia

290 1271 580 1343 quoque
644 1249 848 1321 iussu
919 1249 1075 1320 eius
1141 1272 1364 1347 super
1427 1262 1625 1323 statu
1693 1251 2168 1323 ecclesiarum
2239 1250 2462 1322 corri-

291 1346 534 1441 gendo
601 1370 736 1445 per
807 1359 1037 1422 totam
1105 1349 1418 1422 Galliam
1492 1349 1583 1420 ab
1655 1350 2021 1447 episcopis
2094 1348 2463 1422 celebrata

291 1457 496 1540 sunt,
569 1470 879 1543 quorum
947 1471 1174 1519 unum
1243 1449 1726 1544 Mogontiaci,
1797 1450 2115 1521 alterum
2182 1448 2460 1542 Remis,

289 1546 588 1619 tertium
643 1546 977 1642 Turonis7
1033 1546 1371 1644 quartum
1426 1547 1857 1641 Cabillione7
1913 1550 2250 1645 quintum
2283 1549 2461 1620 Are-

287 1646 414 1716 lati
486 1658 1016 1741 congregatum
1088 1660 1235 1742 est,
1316 1659 1392 1719 et
1441 1648 2090 1743 constitutionum,
2146 1671 2333 1744 quae
2386 1647 2461 1719 in

289 1743 599 1838 singulis
653 1749 890 1819 factae
944 1759 1152 1842 sunt,
1219 1747 1513 1820 collatio
1580 1771 1829 1821 coram
1882 1747 2330 1846 imperatore
2384 1745 2460 1817 in

294 1844 417 1914 illo
490 1858 855 1918 conventu
928 1844 1212 1940 habita3
1282 1870 1462 1941 quas
1518 1848 1639 1942 qui
1691 1871 1914 1920 nosse
1966 1847 2317 1940 voluerit⁷
2385 1845 2461 1917 in

287 1944 724 2041 supradictis
821 1943 1139 2041 quinque
1232 1944 1645 2018 civitatibus
1733 1946 2064 2018 invenire
2159 1944 2457 2043 poterit⁷

289 2067 733 2139 quamquam
771 2055 847 2115 et
896 2045 969 2114 in
1023 2044 1319 2115 archivo
1353 2045 1609 2141 palatii
1661 2043 2114 2141 exemplaria
2165 2046 2459 2116 illarum

287 2140 715 2214 habeantur.
852 2142 1059 2214 Missi
1130 2154 1302 2214 sunt
1368 2144 1460 2214 de
1527 2144 1668 2214 hoc
1731 2155 2092 2216 conventu
2162 2144 2456 2238 quidam

286 2241 733 2314 Francorum
805 2253 880 2313 et
932 2240 1305 2313 Saxonum
1355 2243 1720 2338 primores
1772 2254 1976 2314 trans
2026 2241 2270 2313 Albim
2322 2241 2455 2313 flu-

290 2341 485 2415 vium
540 2342 630 2412 ad
686 2340 1001 2413 confinia
1053 2340 1732 2436 Nordmannorum‚
1804 2341 1924 2436 qui
1979 2365 2236 2437 pacem
2289 2366 2456 2413 curn

289 2439 396 2513 eis
466 2441 869 2512 secundum
938 2440 1366 2537 petitionem
1433 2464 1696 2535 regum
1749 2440 2047 2511 illorum
2098 2442 2453 2534 facerent,

288 2550 365 2611 et
446 2541 753 2611 fratrem
820 2562 1077 2610 eorum
1161 2539 1580 2612 redderent.
1711 2539 1991 2626 Quibus
2063 2563 2229 2611 cum
2293 2540 2453 2637 pari

286 2662 596 2711 numero
654 2682 744 2693 -
800 2662 971 2709 nam
1030 2639 1122 2710 16
1176 2648 1387 2710 erant
1439 2681 1530 2690 -
1587 2638 1678 2709 de
1730 2638 2160 2736 primatibus
2212 2639 2452 2710 Dano-

283 2763 450 2810 rum
481 2737 555 2810 in
591 2740 752 2810 loco
787 2738 1136 2835 deputato
1178 2736 1695 2832 occurrissent,
1734 2738 2167 2812 iuramentis
2201 2738 2452 2810 utrim-

282 2861 420 2934 que
463 2838 671 2911 factis
721 2863 865 2935 pax
905 2836 1370 2934 confirmata⁷
1426 2849 1501 2909 et
1550 2861 1809 2932 regum
1864 2840 2097 2910 frater
2146 2837 2254 2911 eis
2291 2839 2453 2910 red-

257 2936 479 3027 ¹ditus
534 2949 661 3010 est.
748 2938 887 3025 Qui
939 2950 1186 3010 tamen
1230 2962 1316 3010 eo
1371 2949 1709 3034 tempore
1764 2937 1965 3010 domi
2016 2962 2163 3010 non
2219 2949 2450 3031 erant,

284 3035 415 3107 sed
469 3036 560 3106 ad
615 3035 1228 3109 westarfoldam1
1281 3061 1448 3109 cum
1504 3036 1827 3109 exercitu
1875 3037 2212 3133 profecti,
2264 3059 2452 3130 quae

282 3135 490 3230 regio
558 3133 817 3206 ultima
888 3136 1097 3229 regni
1168 3159 1425 3207 eorum
1494 3136 1687 3207 inter
1743 3135 2321 3231 septentrionem
2376 3145 2451 3207 et

282 3235 733 3307 occidentem
770 3234 932 3328 sita7
986 3245 1241 3306 contra
1280 3234 1771 3330 aquilonalem
1799 3233 2196 3305 Brittaniae
2249 3256 2447 3306 sum-

280 3335 614 3408 mitatem
680 3333 1016 3431 respicit.‚
1094 3334 1299 3405 cuius
1364 3333 1732 3430 principes
1799 3357 1884 3405 ac
1953 3333 2276 3430 populus
2340 3331 2448 3405 eis

281 3433 506 3505 subici
558 3433 1017 3506 recusabant.
1123 3431 1403 3521 Quibus
1454 3432 1924 3531 perdomitiS,
1995 3455 2160 3504 cum
2198 3455 2446 3503 rever-

278 3530 582 3623 tissent,
638 3544 709 3604 et
759 3535 1062 3606 fratrem
1114 3533 1206 3605 ab
1260 3533 1706 3629 imperatore
1759 3532 2071 3605 missum
2130 3530 2447 3627 recepis-

281 3640 485 3724 sent‚
553 3627 685 3700 filii
738 3631 1118 3703 Godofridi
1190 3631 1388 3726 regis
1441 3641 1518 3703 et
1569 3655 1658 3702 ex
1708 3630 2151 3727 primoribus
2204 3629 2443 3699 Dano-

276 3752 444 3801 rum
496 3751 642 3800 non
682 3729 918 3825 pauci7
971 3729 1091 3825 qui
1144 3727 1293 3799 iam
1346 3728 1623 3799 dudum
1675 3730 1926 3802 relicta
1978 3730 2214 3827 patria
2250 3726 2444 3823 apud

281 3828 614 3901 Sueones
670 3828 1096 3923 exulabant,
1151 3827 1571 3924 conparatis
1622 3828 2134 3923 undecumque
2187 3824 2441 3923 copiiS‚

280 3927 556 4000 bellum
610 3926 716 3999 eis
768 3926 1214 4023 intulerunt,
1277 3939 1349 4001 et
1403 3925 1941 4000 confluentibus
1995 3926 2086 3998 ad
2141 3949 2223 3998 se
2273 3949 2442 4023 pas-

284 4076 333 4147 1)
370 4077 753 4134 Waestenland
805 4079 862 4131 in
899 4076 1221 4131 occidentali
1261 4075 1586 4131 Chersonesi
1624 4074 1931 4133 Cimbricae
1966 4078 2165 4144 latere,
2205 4078 2261 4131 in
2300 4076 2440 4131 latia

280 4151 635 4206 meridionali.
709 4150 983 4207 Gebhardi
1030 4150 1153 4204 hist.
1187 4147 1395 4203 Daniae
1431 4168 1487 4220 p.
1528 4151 1653 4208 382.

1796 4240 1841 4310 5
