3027 4904
553 370 651 444 90
1171 366 1622 441 EINHARDI
1673 367 2103 443 ANNALES

550 575 729 623 num
781 547 1256 622 veneratione
1306 548 1797 645 protulerunt,
1848 560 2153 646 propter
2203 570 2390 645 quae
2443 570 2525 620 se
2576 547 2715 620 Ro-

551 675 752 722 mam
805 649 951 743 ire,
1021 659 1239 745 atque
1306 646 1756 743 apostolicae
1820 647 2017 720 sedis
2073 649 2495 744 praesulem
2546 670 2717 717 con-

550 750 796 822 sulere
852 747 1121 820 debere
1175 745 1539 819 dixerunt.
1644 746 1846 832 Quos
1898 771 2103 843 cum,
2168 746 2540 843 legatione
2594 768 2718 817 eo-

551 873 718 921 rum
748 846 993 920 audita
1027 870 1112 918 ac
1144 868 1501 943 responso
1544 844 1857 942 redditu,
1897 845 2337 941 absolveret,
2376 847 2715 939 Romam,

552 960 630 1021 ut
689 970 771 1020 se
842 947 1035 1019 velle
1102 945 1483 1040 dicebant,
1555 944 1825 1018 ducere
1888 945 2119 1019 iussit.
2235 945 2715 1019 Fortunatam

549 1046 774 1120 etiam
827 1045 920 1118 de
973 1068 1194 1118 causa
1248 1047 1471 1139 fugae
1523 1042 1754 1141 ipsius
1804 1057 2322 1142 percontatuS,
2400 1044 2491 1116 ad
2549 1067 2715 1137 exa-

547 1144 978 1218 minandum
1068 1167 1240 1217 eum
1321 1145 1653 1217 Romano
1736 1142 2062 1241 pontifici
2153 1143 2450 1236 direxit,
2555 1143 2715 1240 ipse

544 1243 1042 1343 Aquasgrani,
1106 1243 1230 1315 ubi
1282 1242 1611 1314 hiemare
1663 1247 2064 1336 statuerat,
2134 1244 2511 1342 profectus
2580 1251 2714 1313 est.

549 1345 710 1432 Quo
765 1367 933 1416 cum
983 1342 1334 1437 venisset,
1389 1354 1464 1414 et
1506 1341 1604 1413 ibi
1648 1344 1972 1415 natalem
2013 1342 2303 1415 Domini
2347 1341 2713 1414 celebras-

547 1454 685 1538 set,
738 1442 1065 1514 adlatum
1118 1452 1233 1515 est
1283 1441 1397 1536 ei,
1451 1441 1647 1537 quod
1697 1441 1920 1537 legati
1974 1443 2174 1537 regis
2225 1441 2713 1537 Bulgarorum

547 1553 801 1615 essent
853 1541 926 1614 in
976 1539 1348 1635 Baioaria3
1414 1539 1703 1636 quibus*
1750 1540 2045 1613 obviam
2103 1540 2442 1636 mittens,
2511 1540 2713 1637 ipsos

547 1640 842 1738 quidem
911 1663 1143 1736 usque
1211 1639 1301 1710 ad
1370 1651 1665 1736 tempus
1734 1664 2144 1735 congruum
2196 1639 2471 1712 ibidem
2541 1639 2714 1712 fecit

548 1736 859 1837 operiri.²
938 1740 1329 1812 Caeterum
1381 1739 1673 1832 legatos
1726 1739 2249 1813 Abodritorum
2302 1739 2426 1836 qui
2486 1740 2710 1832 vulgo

544 1837 1118 1910 Praedenecenti
1169 1849 1549 1930 vocantur,
1603 1849 1676 1910 et
1722 1838 2156 1911 contermini
2192 1837 2531 1934 Bulgaris
2570 1838 2711 1909 Da-

545 1937 736 2010 ciam
787 1936 1119 2010 Danubio
1173 1936 1631 2011 adiacentem
1683 1937 2041 2034 incolunt,
2096 1937 2217 2035 qui
2270 1950 2345 2011 et
2392 1936 2532 2035 ipsi
2586 1935 2710 2007 ad-

542 2038 849 2109 ventare
913 2035 1473 2131 nuntiabantur,
1541 2036 1707 2109 ilico
1775 2036 2029 2108 venire
2096 2036 2477 2134 permisit..
2570 2035 2712 2124 Qui

544 2159 712 2208 cum
765 2136 856 2207 de
907 2136 1392 2230 Bulgarorum
1464 2134 1714 2233 iniqua
1776 2135 2253 2209 infestatione
2319 2157 2712 2233 quereren-

542 2247 703 2328 tur,
757 2246 832 2307 et
883 2246 1135 2307 contra
1191 2258 1318 2306 eos
1374 2235 1725 2306 auxilium
1778 2235 1916 2307 sibi
1969 2235 2146 2307 ferri
2198 2235 2709 2332 deposcerent,

544 2334 848 2409 domum
902 2333 1042 2426 ire,
1115 2344 1334 2429 atque
1398 2333 1666 2406 iterum
1720 2334 1815 2405 ad
1875 2345 2167 2431 tempus
2217 2333 2712 2430 Bulgarorum

540 2433 810 2529 legatis
843 2431 1319 2507 constitutum
1357 2433 1602 2506 redire
1642 2433 1823 2507 iussi
1858 2446 2048 2508 sunt.
2130 2433 2480 2532 Suppone
2516 2431 2709 2531 apud

544 2531 1002 2630 Spoletium,
1071 2532 1258 2606 sicut
1323 2532 1595 2605 dictum
1652 2545 1853 2629 erat,
1928 2534 2314 2629 defuncto,
2388 2533 2716 2605 eundem·

544 2631 890 2704 ducatum
941 2630 1406 2704 Adalhardus
1458 2655 1709 2705 comes
1761 2633 2053 2729 palatii,
2117 2632 2238 2729 qui
2290 2632 2531 2705 iunior
2582 2656 2708 2703 vo-

544 2730 870 2826 cabatur,
923 2732 1243 2827 accepit,
1297 2730 1420 2827 qui
1471 2739 1641 2804 cum
1692 2732 1814 2803 vix
1866 2732 2185 2829 quinque
2235 2753 2534 2805 menses
2586 2753 2708 2802 eo-

543 2830 715 2902 dem
793 2829 1076 2902 honore
1153 2829 1549 2924 potiretur,
1627 2841 2010 2927 correptus
2079 2831 2288 2903 febre
2371 2829 2707 2903 decessit.

545 2927 676 3002 Cui
743 2951 912 3000 cum
976 2928 1360 3023 Moringus
1408 2928 1698 3001 Brixiae
1762 2953 2012 3002 comes
2064 2954 2448 3004 successor
2510 2937 2711 3002 esset

543 3028 846 3123 electus,
900 3027 1151 3101 nuntio
1204 3027 1506 3101 honoris
1558 3028 1695 3102 sibi
1749 3029 1840 3101 de
1899 3030 2078 3102 utati
2134 3039 2435 3127 accepto
2490 3028 2707 3101 decu-

541 3126 741 3221 buit,
824 3136 899 3199 et
970 3126 1222 3225 paucis
1291 3128 1745 3225 interpositis
1820 3055 2079 3201 (liebus
2148 3129 2378 3203 vitam
2454 3127 2722 3219 finivit.>

539 3226 816 3298 Aeblus
869 3237 945 3299 et
999 3227 1376 3299 Asinarius
1428 3228 1734 3301 comites
1777 3251 1947 3301 cum
1991 3228 2221 3326 copiis
2258 3227 2707 3301 Wasconum

543 3325 1194 3421 ad‘Pampilonam
1234 3325 1506 3422 -missi,
1587 3350 1755 3399 cum
1820 3339 2117 3424 peracto
2190 3327 2338 3400 iam
2410 3323 2547 3400 sibi
2598 3326 2706 3397 in-

541 3423 788 3497 iuncto
840 3424 1138 3518 negotio
1191 3437 1774 3521 reverterentur,
1821 3430 1900 3498 in
1952 3428 2113 3523 ipso
2166 3425 2481 3499 Pirinaei
2533 3426 2706 3521 iugo

539 3520 850 3620 perfidia
900 3535 1418 3598 montanorum
1470 3524 1543 3596 in
1598 3525 1901 3598 insidias
1942 3524 2233 3599 deducti
2273 3550 2360 3599 ac
2398 3523 2704 3599 circum-

539 3622 774 3718 venti,
844 3622 1036 3719 capti
1099 3636 1306 3719 sunt,
1388 3635 1462 3696 et
1512 3625 1768 3720 copiae
1821 3649 2002 3724 quas
2053 3648 2303 3698 secum
2358 3625 2706 3720 habuere,

538 3745 776 3820 paene
843 3746 1076 3819 usque
1139 3723 1230 3794 ad
1292 3723 1852 3798 internicionem
1907 3725 2227 3798 deletae:
2308 3735 2384 3797 et
2431 3725 2708 3797 Aeblus

539 3822 838 3919 quidem
891 3822 1311 3895 Cordubam
1363 3826 1678 3920 missuS,
1746 3823 2128 3897 Asinarius
2190 3846 2368 3897 vero
2421 3822 2708 3897 miseri-

538 3920 786 3994 cordia
839 3944 1097 3995 eorum
1148 3923 1270 4020 qui
1324 3946 1492 3995 eum
1547 3936 1918 4021 ceperant,
1974 3924 2181 4021 quasi
2233 3924 2355 4021 qui
2401 3946 2707 3996 consan-

539 4020 1163 4116 guineus‘eorum
1214 4034 1435 4116 esset,
1489 4022 1791 4095 domum
1844 4023 2083 4096 redire
2123 4023 2532 4122 permissus
2572 4033 2707 4095 est.

539 4118 966 4194 Hlotharius
1042 4146 1220 4195 vero
1308 4121 1507 4195 iuxta
1584 4122 1813 4220 patris
1887 4123 2318 4197 mandatum
2399 4122 2710 4196 Romam
