3027 4904
566 364 660 439 20
1184 360 1639 435 EINHARDI
1691 354 2121 438 ANNALES

570 546 770 642 regis
824 543 1301 617 obnubilavit.
1384 543 1700 617 -Interea
1735 543 2105 641 Saxones,
2158 548 2364 621 velut
2399 545 2741 620 occasio-

572 670 745 720 nem
796 645 1080 742 nancti,
1149 643 1425 716 sumtis·
1468 643 1693 716 armis
1748 644 1839 715 ad
1893 645 2232 717 Rhenum
2283 671 2516 745 usque
2567 658 2738 744 pro·-

572 745 745 819 fect'i
799 755 990 817 sunt.
1093 743 1242 816 Sed
1296 746 1462 815 cum
1518 766 1817 815 amnem
1869 743 2178 817 traicere
2232 755 2744 844 nonpossent,

575 844 916 943 quicquid
970 868 1012 916 a
1060 840 1359 917 Diutia1·
1407 843 1698 915 civitate
1750 868 1984 940 usque
2038 845 2150 916 ad.
2182 844 2540 919 fluentem
2588 848 2741 918 Mo-

576 946 806 1018 sellae
871 944 1202 1016 vicorum
1252 942 1967 1039 villarumquefuit,
2036 946 2235 1017 ferro
2289 958 2378 1019 et*
2414 946 2564 1041 igni
2614 944 2745 1017 'de-

575 1044 903 1143 populati
977 1054 1169 1116 sunt.
1289 1042 1451 1114 Pari
1526 1043 2523 1143 modo-sacraprofanaque
2578 1046 2744 1142 pes-

576 1143 934 1218 sumdata.
1038 1144 1338 1215 Nullum
1407 1141 1672 1214 aetatis
1738 1150 1866 1216 aut
1917 1146 2579 1218 sexus-discrimen
2632 1145 2744 1217 ira

573 1243 812 1317 hostis
865 1245 1179 1339 fecerat,
1233 1253 1312 1316 ut
1362 1241 1638 1339 liquido
1693 1247 2107 1341 appareret,
2157 1270 2296 1319 eos
2335 1271 2481 1318 non
2533 1246 2744 1344 prae-

577 1344 837 1438 dandi,
910 1343 1042 1416 sed
1110 1342 1467 1415 ultionem
1535 1343 1925 1414 exercendi
1990 1345 2240 1438 gratia
2294 1347 2745 1419 Francorum

576 1443 934 1517 terminos
1004 1441 1367 1515 introisse
1488 1441 1712 1514 Cuius
1785 1442 1896 1514 rei
1961 1445 2308 1516 nuncium
2376 1470 2542 1519 cum
2575 1498 2578 1503 -
2612 1469 2743 1518 rex

577 1543 773 1642 apud
822 1543 1392 1617 Autesiodorum
1443 1540 1817 1635 civitatem
1872 1542 2318 1641 accepisset,
2370 1546 2745 1642 extemplo

576 1645 896 1715 Francos
949 1642 1346 1715 orientales
1400 1652 1622 1738 atque
1675 1642 2124 1717 Alamannos
2176 1644 2265 1715 ad
2307 1645 2745 1743 propulsan-

579 1743 756 1814 dum
818 1742 1112 1815 hostem
1163 1741 1518 1815 festinare
1571 1742 1801 1816 iussit.
1929 1744 2097 1843 Ipse
2149 1747 2459 1819 caeteris
2514 1743 2744 1843 copiis

577 1840 943 1938 dimissis,
997 1841 1502 1915 Heristallium
1552 1841 1831 1938 villam,
1882 1842 1956 1915 in
2010 1869 2150 1941 qua
2193 1843 2521 1919 hiemare
2551 1868 2746 1919 2con-

578 1942 940 2040 stituerat,
994 1942 1218 2014 venit.
1312 1941 1717 2014 AtFranci
1769 1955 1845 2016 et
1879 1944 2269 2017 Alamanni
2321 1947 2442 2044 qui
2479 1956 2748 2019 *contra

577 2043 923 2115 Saxones.
961 2041 1171 2114 missi
1222 2052 1462 2137 erant,
1532 2041 1823 2137 magnis
1875 2043 2258 2117 itineribus
2311 2047 2404 2118 ad
2456 2070 2584 2118 eos
2636 2046 2747 2118 ire

577 2142 1093 2236 contendunt,-
1142 2139 1203 2214 si
1273 2142 1466 2214 forte
1533 2140 1606 2212 in
1676 2141 1945 2216 finibus
2014 2146 2165 2218 suis
2236 2169 2365 2219 eos
2417 2145 2747 2219 invenire

576 2251 909 2340 possent.-.
1022 2240 1169 2313 Sed
1221 2239 1370 2336 illi,
1439 2240 1588 2311 iam
1640 2245 1720 2313 re
1774 2255 2124 2341 peracta,
2185 2246 2749 2319 revertebantur

577 2341 671 2412 ad
724 2365 879 2414 sua.
962 2339 1292 2428 Quorum
1343 2340 1659 2435 vestigia
1696 2345 1984 2439 sequuti
2034 2345 2154 2441 qui
2210 2369 2252 2417 a
2297 2369 2483 2443 rege
2537 2345 2746 2418 missi

576 2443 915 2538 fuerunt,
980 2440 1056 2513 in
1126 2465 1318 2541 pago
1386 2440 1820 2514 Hassiorum
1886 2469 2109 2543 super
2159 2443 2469 2519 fluvium
2520 2445 2748 2519 Ader-

579 2566 749 2614 nam
804 2541 945 2615 iter
975 2552 1284 2637 agentes
1337 2539 1801 2640 invenerunt,
1855 2568 2132 2643 eosque
2168 2547 2418 2621 statim
2472 2548 2543 2620 in
2583 2548 2747 2646 ipso

577 2639 901 2716 fluminis
953 2641 1141 2713 vado
1198 2640 1480 2736 adorti,
1565 2654 1767 2715 tanta
1820 2656 2070 2742 strage
2136 2647 2599 2740 ceciderunt,
2664 2657 2748 2721 ut

579 2764 668 2812 ex
721 2741 1000 2836 ingenti
1064 2740 1540 2814 multitudine
1603 2741 1938 2839 ipsorum
2000 2745 2124 2817 vix
2176 2747 2386 2843 pauci
2441 2746 2746 2818 domum

579 2838 931 2935 fugiendo
984 2841 1415 2938 pervenisse
1469 2840 1818 2914 dicantur.

730 2940 899 3013 779.
974 2942 1070 3013 At
1120 2965 1250 3012 rex
1303 2941 1394 3013 de
1450 2940 1911 3039 Heristallio,
1982 2941 2107 3013 ubi
2162 2943 2624 3016 hiemaverat
2675 2956 2748 3018 et

581 3037 702 3111 ubi
756 3040 1078 3111 natalem
1130 3039 1424 3114 Domini
1478 3064 1564 3112 ac
1615 3053 1951 3115 sanctum
2002 3045 2276 3141 pascha
2330 3045 2746 3117 celebrave-

579 3148 733 3234 rat,
804 3139 1043 3237 prima
1112 3143 1308 3215 veris
1363 3141 1722 3239 temperie
1773 3167 2110 3241 movens,
2164 3141 2746 3244 Compendium²

580 3238 802 3311 venit.
925 3239 1017 3311 Et
1069 3264 1234 3314 cum
1287 3241 1499 3337 inde,
1571 3256 1867 3339 peracto
1916 3255 2221 3342 propter
2273 3246 2465 3342 quod
2520 3267 2743 3316 vene-

581 3349 697 3411 rat
762 3339 1099 3435 negotiO,
1164 3341 1637 3435 revertisset,
1720 3345 2032 3417 occurrit
2103 3345 2169 3415 ei
2221 3343 2745 3417 Hildibrandus

584 3437 730 3508 dux
763 3435 1168 3534 Spolitinus
1213 3464 1381 3513 cum
1412 3440 1701 3535 magnis
1737 3442 2165 3515 muneribus
2216 3444 2292 3516 in
2341 3443 2518 3517 villa
2554 3445 2747 3517 Wir-

585 3533 924 3609 ciniaco³.
1011 3538 1249 3626 Quem
1303 3552 1376 3613 et
1427 3538 1744 3635 benigne
1799 3542 2143 3641 suscepit,
2196 3553 2269 3617 et
2318 3544 2747 3617 muneribus

585 3635 938 3708 donatum
992 3634 1066 3708 in
1122 3639 1464 3712 ducatum
1502 3664 1717 3712 suum
1771 3641 2073 3715 remisit.
2154 3645 2322 3741 Ipse
2376 3645 2617 3717 animo
2651 3642 2746 3714 ad

583 3734 1020 3808 Saxonicam
1112 3740 1655 3836 expeditionem
1734 3741 2049 3839 intento,
2144 3744 2448 3817 Duriam
2522 3743 2747 3840 venit,

582 3834 977 3934 habitoque
1003 3836 1203 3912 iuxta
1255 3863 1542 3911 morem
1584 3844 1914 3936 generali
1968 3858 2357 3942 conventu,
2410 3845 2749 3916 Rhenum

586 4002 634 4073 1)
673 3979 849 4060 Deutz
898 4015 1084 4061 contra
1135 4004 1435 4062 Coloniam.
1615 4009 1669 4079 2)
1710 4007 2057 4083 Compiegne.
2236 4013 2289 4082 3)
2326 4013 2456 4066 situs
2494 4015 2610 4068 eius
2648 4031 2750 4068 nec

580 4074 801 4133 Valesio
853 4096 956 4133 nec
992 4077 1279 4152 Bouqueto
1318 4081 1654 4152 exploratus;
1709 4085 1853 4153 quod
1907 4088 1954 4139 si
2003 4105 2115 4140 non
2151 4083 2502 4151 Vin-isiacum,
2556 4083 2750 4158 Verzy,

580 4166 751 4223 prope
786 4149 987 4206 Remos
1025 4152 1124 4217 sit,
1175 4162 1324 4208 certe
1377 4154 1433 4208 in
1487 4154 1683 4210 itinere
1724 4153 2060 4229 Compendio
2096 4157 2323 4215 Duriam
2361 4159 2747 4231 quaerendum.

743 4409 769 4442 Q
