<?xml version="1.0" encoding="UTF-8"?>
<!DOCTYPE html PUBLIC "-//W3C//DTD XHTML 1.0 Transitional//EN"
    "http://www.w3.org/TR/xhtml1/DTD/xhtml1-transitional.dtd">
<html xmlns="http://www.w3.org/1999/xhtml" xml:lang="en" lang="en">
 <head>
  <title>
</title>
<meta http-equiv="Content-Type" content="text/html;charset=utf-8" />
  <meta name='ocr-system' content='tesseract 3.04.00' />
  <meta name='ocr-capabilities' content='ocr_page ocr_carea ocr_par ocr_line ocrx_word'/>
</head>
<body>
  <div class='ocr_page' id='page_1' title='image "./annalesinusumsc00einhgoog_0089.png"; bbox 0 0 3027 4904; ppageno 0'>
   <div class='ocr_carea' id='block_1_1' title="bbox 1109 336 2469 445">
    <p class='ocr_par' dir='ltr' id='par_1_1' title="bbox 1109 336 2469 445">
     <span class='ocr_line' id='line_1_1' title="bbox 1109 336 2469 445; baseline 0 -4"><span class='ocrx_word' id='word_1_1' title='bbox 1109 370 1191 441; x_wconf 86' lang='lat' dir='ltr'>A.</span> <span class='ocrx_word' id='word_1_2' title='bbox 1246 368 1659 445; x_wconf 79' lang='lat'>817—819.</span> <span class='ocrx_word' id='word_1_3' title='bbox 1827 336 1834 341; x_wconf 70' lang='grc'><strong><em>’</em></strong></span> <span class='ocrx_word' id='word_1_4' title='bbox 2372 367 2469 441; x_wconf 85' lang='grc'>75</span> 
     </span>
    </p>
   </div>
   <div class='ocr_carea' id='block_1_2' title="bbox 250 545 2482 4220">
    <p class='ocr_par' dir='ltr' id='par_1_2' title="bbox 298 545 2476 1517">
     <span class='ocr_line' id='line_1_2' title="bbox 302 545 2474 643; baseline -0.001 -19"><span class='ocrx_word' id='word_1_5' title='bbox 302 551 405 625; x_wconf 86' lang='lat' dir='ltr'>ibi</span> <span class='ocrx_word' id='word_1_6' title='bbox 457 564 534 626; x_wconf 90' lang='lat' dir='ltr'>et</span> <span class='ocrx_word' id='word_1_7' title='bbox 583 550 893 625; x_wconf 86' lang='lat' dir='ltr'>aliarum</span> <span class='ocrx_word' id='word_1_8' title='bbox 943 550 1327 624; x_wconf 88' lang='lat' dir='ltr'>nationum</span> <span class='ocrx_word' id='word_1_9' title='bbox 1377 549 1648 643; x_wconf 79' lang='lat' dir='ltr'>legati,</span> <span class='ocrx_word' id='word_1_10' title='bbox 1701 545 2224 620; x_wconf 89' lang='lat' dir='ltr'>Abodritorum</span> <span class='ocrx_word' id='word_1_11' title='bbox 2274 548 2474 621; x_wconf 88' lang='lat' dir='ltr'>vide-</span> 
     </span>
     <span class='ocr_line' id='line_1_3' title="bbox 302 647 2473 746; baseline -0.002 -21"><span class='ocrx_word' id='word_1_12' title='bbox 302 652 478 725; x_wconf 88' lang='lat' dir='ltr'>licet</span> <span class='ocrx_word' id='word_1_13' title='bbox 530 674 616 723; x_wconf 92' lang='lat' dir='ltr'>ac</span> <span class='ocrx_word' id='word_1_14' title='bbox 663 649 988 746; x_wconf 84' lang='lat' dir='ltr'>Bornae,</span> <span class='ocrx_word' id='word_1_15' title='bbox 1055 649 1261 722; x_wconf 91' lang='lat' dir='ltr'>ducis</span> <span class='ocrx_word' id='word_1_16' title='bbox 1314 648 1929 721; x_wconf 88' lang='lat' dir='ltr'>Guduscanorum</span> <span class='ocrx_word' id='word_1_17' title='bbox 1991 658 2067 720; x_wconf 88' lang='lat' dir='ltr'>et</span> <span class='ocrx_word' id='word_1_18' title='bbox 2119 647 2473 720; x_wconf 90' lang='lat' dir='ltr'>Timocia-</span> 
     </span>
     <span class='ocr_line' id='line_1_4' title="bbox 303 743 2476 847; baseline -0.002 -24"><span class='ocrx_word' id='word_1_19' title='bbox 303 772 602 844; x_wconf 89' lang='lat' dir='ltr'>norum,</span> <span class='ocrx_word' id='word_1_20' title='bbox 658 749 779 847; x_wconf 91' lang='lat' dir='ltr'>qui</span> <span class='ocrx_word' id='word_1_21' title='bbox 831 772 1067 847; x_wconf 83' lang='lat' dir='ltr'>nuper</span> <span class='ocrx_word' id='word_1_22' title='bbox 1120 774 1163 821; x_wconf 93' lang='lat' dir='ltr'>a</span> <span class='ocrx_word' id='word_1_23' title='bbox 1195 748 1685 843; x_wconf 86' lang='lat' dir='ltr'>Bulgarorum</span> <span class='ocrx_word' id='word_1_24' title='bbox 1737 743 2096 819; x_wconf 86' lang='lat' dir='ltr'>societate</span> <span class='ocrx_word' id='word_1_25' title='bbox 2149 746 2476 820; x_wconf 89' lang='lat' dir='ltr'>descive-</span> 
     </span>
     <span class='ocr_line' id='line_1_5' title="bbox 301 846 2476 941; baseline -0.001 -19"><span class='ocrx_word' id='word_1_26' title='bbox 301 861 470 924; x_wconf 83' lang='lat' dir='ltr'>rant</span> <span class='ocrx_word' id='word_1_27' title='bbox 534 861 608 922; x_wconf 90' lang='lat' dir='ltr'>et</span> <span class='ocrx_word' id='word_1_28' title='bbox 677 850 768 922; x_wconf 93' lang='lat' dir='ltr'>ad</span> <span class='ocrx_word' id='word_1_29' title='bbox 822 859 1116 923; x_wconf 86' lang='lat' dir='ltr'>nostros</span> <span class='ocrx_word' id='word_1_30' title='bbox 1168 846 1355 920; x_wconf 88' lang='lat' dir='ltr'>fines</span> <span class='ocrx_word' id='word_1_31' title='bbox 1419 870 1500 919; x_wconf 90' lang='lat' dir='ltr'>se</span> <span class='ocrx_word' id='word_1_32' title='bbox 1556 846 2053 941; x_wconf 73' lang='lat' dir='ltr'>contulerant,</span> <span class='ocrx_word' id='word_1_33' title='bbox 2126 847 2346 918; x_wconf 90' lang='lat' dir='ltr'>simul</span> <span class='ocrx_word' id='word_1_34' title='bbox 2402 858 2476 920; x_wconf 90' lang='lat' dir='ltr'>et</span> 
     </span>
     <span class='ocr_line' id='line_1_6' title="bbox 302 943 2476 1044; baseline -0.001 -23"><span class='ocrx_word' id='word_1_35' title='bbox 302 948 727 1044; x_wconf 88' lang='lat' dir='ltr'>Liudewiti,</span> <span class='ocrx_word' id='word_1_36' title='bbox 797 948 1002 1021; x_wconf 91' lang='lat' dir='ltr'>ducis</span> <span class='ocrx_word' id='word_1_37' title='bbox 1055 944 1476 1021; x_wconf 80' lang='lat' dir='ltr'>Pannoniae</span> <span class='ocrx_word' id='word_1_38' title='bbox 1530 943 1944 1039; x_wconf 85' lang='lat' dir='ltr'>inferioris,</span> <span class='ocrx_word' id='word_1_39' title='bbox 1999 943 2122 1041; x_wconf 89' lang='lat' dir='ltr'>qui</span> <span class='ocrx_word' id='word_1_40' title='bbox 2173 969 2294 1019; x_wconf 92' lang='lat' dir='ltr'>res</span> <span class='ocrx_word' id='word_1_41' title='bbox 2346 970 2476 1018; x_wconf 90' lang='lat' dir='ltr'>no-</span> 
     </span>
     <span class='ocr_line' id='line_1_7' title="bbox 301 1045 2476 1142; baseline -0.002 -22"><span class='ocrx_word' id='word_1_42' title='bbox 301 1072 433 1121; x_wconf 89' lang='lat' dir='ltr'>vas</span> <span class='ocrx_word' id='word_1_43' title='bbox 485 1048 841 1142; x_wconf 83' lang='lat' dir='ltr'>molienS,</span> <span class='ocrx_word' id='word_1_44' title='bbox 920 1045 1324 1120; x_wconf 90' lang='lat' dir='ltr'>Cadolaum</span> <span class='ocrx_word' id='word_1_45' title='bbox 1377 1045 1726 1120; x_wconf 89' lang='lat' dir='ltr'>comitem</span> <span class='ocrx_word' id='word_1_46' title='bbox 1782 1055 1857 1117; x_wconf 89' lang='lat' dir='ltr'>et</span> <span class='ocrx_word' id='word_1_47' title='bbox 1905 1067 2201 1116; x_wconf 89' lang='lat' dir='ltr'>marcae</span> <span class='ocrx_word' id='word_1_48' title='bbox 2254 1045 2309 1116; x_wconf 91' lang='lat' dir='ltr'><strong>F</strong></span> <span class='ocrx_word' id='word_1_49' title='bbox 2312 1068 2476 1117; x_wconf 89' lang='lat' dir='ltr'>oro</span> 
     </span>
     <span class='ocr_line' id='line_1_8' title="bbox 301 1143 2475 1244; baseline -0.001 -26"><span class='ocrx_word' id='word_1_50' title='bbox 301 1147 633 1220; x_wconf 90' lang='lat' dir='ltr'>iuliensis</span> <span class='ocrx_word' id='word_1_51' title='bbox 707 1146 1163 1244; x_wconf 85' lang='lat' dir='ltr'>praefectum</span> <span class='ocrx_word' id='word_1_52' title='bbox 1231 1144 1679 1217; x_wconf 85' lang='lat' dir='ltr'>crudelitatis</span> <span class='ocrx_word' id='word_1_53' title='bbox 1747 1155 1967 1239; x_wconf 89' lang='lat' dir='ltr'>atque</span> <span class='ocrx_word' id='word_1_54' title='bbox 2036 1143 2475 1216; x_wconf 88' lang='lat' dir='ltr'>insolentiae</span> 
     </span>
     <span class='ocr_line' id='line_1_9' title="bbox 301 1241 2475 1340; baseline -0.002 -21"><span class='ocrx_word' id='word_1_55' title='bbox 301 1268 652 1319; x_wconf 89' lang='lat' dir='ltr'>accusare</span> <span class='ocrx_word' id='word_1_56' title='bbox 721 1244 1139 1318; x_wconf 86' lang='lat' dir='ltr'>conabatur.</span> <span class='ocrx_word' id='word_1_57' title='bbox 1271 1243 1554 1333; x_wconf 84' lang='lat' dir='ltr'>Quibus</span> <span class='ocrx_word' id='word_1_58' title='bbox 1620 1242 1721 1315; x_wconf 92' lang='lat' dir='ltr'>ibi</span> <span class='ocrx_word' id='word_1_59' title='bbox 1774 1241 2044 1315; x_wconf 89' lang='lat' dir='ltr'>auditis</span> <span class='ocrx_word' id='word_1_60' title='bbox 2096 1254 2317 1340; x_wconf 89' lang='lat' dir='ltr'>atque</span> <span class='ocrx_word' id='word_1_61' title='bbox 2370 1244 2475 1315; x_wconf 92' lang='lat' dir='ltr'>di-</span> 
     </span>
     <span class='ocr_line' id='line_1_10' title="bbox 298 1341 2473 1443; baseline 0 -27"><span class='ocrx_word' id='word_1_62' title='bbox 298 1344 591 1441; x_wconf 89' lang='lat' dir='ltr'>missis,</span> <span class='ocrx_word' id='word_1_63' title='bbox 654 1344 1061 1443; x_wconf 88' lang='lat' dir='ltr'>imperator</span> <span class='ocrx_word' id='word_1_64' title='bbox 1110 1341 1572 1440; x_wconf 86' lang='lat' dir='ltr'>Aquasgrani</span> <span class='ocrx_word' id='word_1_65' title='bbox 1626 1342 1722 1415; x_wconf 91' lang='lat' dir='ltr'>ad</span> <span class='ocrx_word' id='word_1_66' title='bbox 1769 1343 2251 1416; x_wconf 89' lang='lat' dir='ltr'>hiemandum</span> <span class='ocrx_word' id='word_1_67' title='bbox 2307 1367 2473 1441; x_wconf 88' lang='lat' dir='ltr'>pro-</span> 
     </span>
     <span class='ocr_line' id='line_1_11' title="bbox 300 1445 723 1517; baseline 0.007 -3"><span class='ocrx_word' id='word_1_68' title='bbox 300 1445 542 1517; x_wconf 85' lang='lat' dir='ltr'>fectus</span> <span class='ocrx_word' id='word_1_69' title='bbox 594 1456 723 1517; x_wconf 88' lang='lat' dir='ltr'>est.</span> 
     </span>
    </p>

    <p class='ocr_par' dir='ltr' id='par_1_3' title="bbox 250 1539 2482 4220">
     <span class='ocr_line' id='line_1_12' title="bbox 451 1539 2477 1639; baseline -0.002 -21"><span class='ocrx_word' id='word_1_70' title='bbox 451 1544 619 1618; x_wconf 58' lang='lat'>8152</span> <span class='ocrx_word' id='word_1_71' title='bbox 688 1541 1077 1638; x_wconf 88' lang='lat' dir='ltr'>Sclaomir,</span> <span class='ocrx_word' id='word_1_72' title='bbox 1128 1540 1653 1614; x_wconf 87' lang='lat' dir='ltr'>Abodritorum</span> <span class='ocrx_word' id='word_1_73' title='bbox 1695 1563 1850 1636; x_wconf 73' lang='lat' dir='ltr'>reX,</span> <span class='ocrx_word' id='word_1_74' title='bbox 1904 1539 1999 1612; x_wconf 86' lang='lat' dir='ltr'>ob</span> <span class='ocrx_word' id='word_1_75' title='bbox 2053 1541 2259 1614; x_wconf 89' lang='lat' dir='ltr'>cuius</span> <span class='ocrx_word' id='word_1_76' title='bbox 2311 1565 2477 1639; x_wconf 87' lang='lat' dir='ltr'>per·</span> 
     </span>
     <span class='ocr_line' id='line_1_13' title="bbox 299 1639 2478 1715; baseline 0 -2"><span class='ocrx_word' id='word_1_77' title='bbox 299 1639 551 1713; x_wconf 88' lang='lat' dir='ltr'>fidiam</span> <span class='ocrx_word' id='word_1_78' title='bbox 622 1641 1121 1715; x_wconf 88' lang='lat' dir='ltr'>ulciscendam</span> <span class='ocrx_word' id='word_1_79' title='bbox 1191 1639 1554 1715; x_wconf 84' lang='lat' dir='ltr'>exercitus</span> <span class='ocrx_word' id='word_1_80' title='bbox 1608 1640 1983 1713; x_wconf 89' lang='lat' dir='ltr'>Saxonum</span> <span class='ocrx_word' id='word_1_81' title='bbox 2036 1650 2111 1713; x_wconf 92' lang='lat' dir='ltr'>et</span> <span class='ocrx_word' id='word_1_82' title='bbox 2161 1641 2478 1714; x_wconf 89' lang='lat' dir='ltr'>orienta-</span> 
     </span>
     <span class='ocr_line' id='line_1_14' title="bbox 299 1738 2477 1814; baseline 0.001 -2"><span class='ocrx_word' id='word_1_83' title='bbox 299 1740 483 1812; x_wconf 90' lang='lat' dir='ltr'>lium</span> <span class='ocrx_word' id='word_1_84' title='bbox 532 1742 980 1814; x_wconf 87' lang='lat' dir='ltr'>Francorum</span> <span class='ocrx_word' id='word_1_85' title='bbox 1034 1740 1300 1812; x_wconf 91' lang='lat' dir='ltr'>eodem</span> <span class='ocrx_word' id='word_1_86' title='bbox 1360 1764 1551 1812; x_wconf 90' lang='lat' dir='ltr'>anno</span> <span class='ocrx_word' id='word_1_87' title='bbox 1606 1750 1809 1811; x_wconf 90' lang='lat' dir='ltr'>trans</span> <span class='ocrx_word' id='word_1_88' title='bbox 1859 1738 2152 1810; x_wconf 89' lang='lat' dir='ltr'>Albiam</span> <span class='ocrx_word' id='word_1_89' title='bbox 2204 1739 2477 1814; x_wconf 89' lang='lat' dir='ltr'>missus</span> 
     </span>
     <span class='ocr_line' id='line_1_15' title="bbox 299 1837 2478 1952; baseline 0.001 -42"><span class='ocrx_word' id='word_1_90' title='bbox 299 1840 585 1935; x_wconf 88' lang='lat' dir='ltr'>fuerat,</span> <span class='ocrx_word' id='word_1_91' title='bbox 651 1863 785 1936; x_wconf 89' lang='lat' dir='ltr'>per</span> <span class='ocrx_word' id='word_1_92' title='bbox 848 1841 1266 1952; x_wconf 87' lang='lat' dir='ltr'>praefectos</span> <span class='ocrx_word' id='word_1_93' title='bbox 1338 1838 1680 1911; x_wconf 85' lang='lat' dir='ltr'>Saxonici</span> <span class='ocrx_word' id='word_1_94' title='bbox 1743 1837 1998 1911; x_wconf 84' lang='lat' dir='ltr'>limitis</span> <span class='ocrx_word' id='word_1_95' title='bbox 2062 1848 2138 1910; x_wconf 91' lang='lat' dir='ltr'>et</span> <span class='ocrx_word' id='word_1_96' title='bbox 2187 1840 2478 1934; x_wconf 82' lang='lat' dir='ltr'>legatos</span> 
     </span>
     <span class='ocr_line' id='line_1_16' title="bbox 297 1937 2476 2050; baseline 0 -41"><span class='ocrx_word' id='word_1_97' title='bbox 297 1938 767 2036; x_wconf 87' lang='lat' dir='ltr'>imperatoris</span> <span class='ocrx_word' id='word_1_98' title='bbox 813 1939 932 2035; x_wconf 89' lang='lat' dir='ltr'>qui</span> <span class='ocrx_word' id='word_1_99' title='bbox 987 1937 1334 2012; x_wconf 89' lang='lat' dir='ltr'>exercitui</span> <span class='ocrx_word' id='word_1_100' title='bbox 1388 1948 1803 2036; x_wconf 74' lang='lat' dir='ltr'>praeerant,</span> <span class='ocrx_word' id='word_1_101' title='bbox 1856 1937 2318 2050; x_wconf 79' lang='lat' dir='ltr'>Aquasgrani</span> <span class='ocrx_word' id='word_1_102' title='bbox 2352 1939 2476 2010; x_wconf 91' lang='lat' dir='ltr'>ad-</span> 
     </span>
     <span class='ocr_line' id='line_1_17' title="bbox 302 2036 2479 2134; baseline 0 -26"><span class='ocrx_word' id='word_1_103' title='bbox 302 2037 565 2111; x_wconf 87' lang='lat' dir='ltr'>ductus</span> <span class='ocrx_word' id='word_1_104' title='bbox 619 2048 755 2110; x_wconf 89' lang='lat' dir='ltr'>est.</span> <span class='ocrx_word' id='word_1_105' title='bbox 883 2038 1120 2124; x_wconf 84' lang='lat' dir='ltr'>Quem</span> <span class='ocrx_word' id='word_1_106' title='bbox 1174 2062 1344 2110; x_wconf 87' lang='lat' dir='ltr'>curn</span> <span class='ocrx_word' id='word_1_107' title='bbox 1398 2037 1764 2134; x_wconf 90' lang='lat' dir='ltr'>primores</span> <span class='ocrx_word' id='word_1_108' title='bbox 1814 2036 2067 2134; x_wconf 87' lang='lat' dir='ltr'>populi</span> <span class='ocrx_word' id='word_1_109' title='bbox 2124 2036 2280 2130; x_wconf 91' lang='lat' dir='ltr'>sui,</span> <span class='ocrx_word' id='word_1_110' title='bbox 2353 2038 2479 2134; x_wconf 89' lang='lat' dir='ltr'>qui</span> 
     </span>
     <span class='ocr_line' id='line_1_18' title="bbox 303 2134 2476 2232; baseline 0 -23"><span class='ocrx_word' id='word_1_111' title='bbox 303 2136 524 2209; x_wconf 85' lang='lat' dir='ltr'>simul</span> <span class='ocrx_word' id='word_1_112' title='bbox 575 2136 753 2209; x_wconf 90' lang='lat' dir='ltr'>iussi</span> <span class='ocrx_word' id='word_1_113' title='bbox 805 2147 1182 2230; x_wconf 88' lang='lat' dir='ltr'>venerant,</span> <span class='ocrx_word' id='word_1_114' title='bbox 1234 2136 1485 2208; x_wconf 90' lang='lat' dir='ltr'>multis</span> <span class='ocrx_word' id='word_1_115' title='bbox 1539 2134 1964 2208; x_wconf 87' lang='lat' dir='ltr'>criminibus</span> <span class='ocrx_word' id='word_1_116' title='bbox 2018 2147 2476 2232; x_wconf 74' lang='lat' dir='ltr'>accusarent,</span> 
     </span>
     <span class='ocr_line' id='line_1_19' title="bbox 302 2232 2476 2309; baseline -0 -1"><span class='ocrx_word' id='word_1_117' title='bbox 302 2247 378 2309; x_wconf 89' lang='lat' dir='ltr'>et</span> <span class='ocrx_word' id='word_1_118' title='bbox 429 2235 553 2308; x_wconf 92' lang='lat' dir='ltr'>ille</span> <span class='ocrx_word' id='word_1_119' title='bbox 616 2234 1032 2309; x_wconf 86' lang='lat' dir='ltr'>rationabili</span> <span class='ocrx_word' id='word_1_120' title='bbox 1099 2233 1533 2307; x_wconf 86' lang='lat' dir='ltr'>defensione</span> <span class='ocrx_word' id='word_1_121' title='bbox 1598 2234 1885 2307; x_wconf 87' lang='lat' dir='ltr'>obiecta</span> <span class='ocrx_word' id='word_1_122' title='bbox 1939 2232 2076 2306; x_wconf 92' lang='lat' dir='ltr'>sibi</span> <span class='ocrx_word' id='word_1_123' title='bbox 2130 2236 2476 2307; x_wconf 83' lang='lat' dir='ltr'>refellere</span> 
     </span>
     <span class='ocr_line' id='line_1_20' title="bbox 302 2333 2479 2429; baseline -0.001 -22"><span class='ocrx_word' id='word_1_124' title='bbox 302 2360 450 2407; x_wconf 90' lang='lat' dir='ltr'>non</span> <span class='ocrx_word' id='word_1_125' title='bbox 517 2336 844 2429; x_wconf 89' lang='lat' dir='ltr'>valeret,</span> <span class='ocrx_word' id='word_1_126' title='bbox 916 2333 1131 2407; x_wconf 87' lang='lat' dir='ltr'>exilio</span> <span class='ocrx_word' id='word_1_127' title='bbox 1201 2334 1734 2407; x_wconf 88' lang='lat' dir='ltr'>condemnatus</span> <span class='ocrx_word' id='word_1_128' title='bbox 1801 2344 1956 2427; x_wconf 88' lang='lat' dir='ltr'>est,</span> <span class='ocrx_word' id='word_1_129' title='bbox 2036 2343 2114 2405; x_wconf 89' lang='lat' dir='ltr'>et</span> <span class='ocrx_word' id='word_1_130' title='bbox 2163 2358 2479 2428; x_wconf 81' lang='lat' dir='ltr'>regnum</span> 
     </span>
     <span class='ocr_line' id='line_1_21' title="bbox 304 2431 2476 2533; baseline -0.001 -25"><span class='ocrx_word' id='word_1_131' title='bbox 304 2434 729 2533; x_wconf 85' lang='lat' dir='ltr'>Ceadrago,</span> <span class='ocrx_word' id='word_1_132' title='bbox 795 2433 1239 2508; x_wconf 89' lang='lat' dir='ltr'>Thrasconis</span> <span class='ocrx_word' id='word_1_133' title='bbox 1306 2432 1500 2530; x_wconf 87' lang='lat' dir='ltr'>filio,</span> <span class='ocrx_word' id='word_1_134' title='bbox 1580 2434 1859 2507; x_wconf 88' lang='lat' dir='ltr'>datum.</span> <span class='ocrx_word' id='word_1_135' title='bbox 1963 2431 2202 2506; x_wconf 90' lang='lat' dir='ltr'>Simili</span> <span class='ocrx_word' id='word_1_136' title='bbox 2254 2432 2476 2506; x_wconf 89' lang='lat' dir='ltr'>modo</span> 
     </span>
     <span class='ocr_line' id='line_1_22' title="bbox 304 2490 2476 2630; baseline -0 -24"><span class='ocrx_word' id='word_1_137' title='bbox 304 2543 380 2606; x_wconf 93' lang='lat' dir='ltr'>et</span> <span class='ocrx_word' id='word_1_138' title='bbox 449 2490 729 2630; x_wconf 89' lang='lat' dir='ltr'>Lupus</span> <span class='ocrx_word' id='word_1_139' title='bbox 768 2534 1126 2627; x_wconf 89' lang='lat' dir='ltr'>Centulli,</span> <span class='ocrx_word' id='word_1_140' title='bbox 1194 2533 1508 2627; x_wconf 89' lang='lat' dir='ltr'>Wasco,</span> <span class='ocrx_word' id='word_1_141' title='bbox 1591 2533 1715 2629; x_wconf 87' lang='lat' dir='ltr'>qui</span> <span class='ocrx_word' id='word_1_142' title='bbox 1783 2554 1951 2604; x_wconf 92' lang='lat' dir='ltr'>cum</span> <span class='ocrx_word' id='word_1_143' title='bbox 2026 2530 2476 2627; x_wconf 86' lang='lat' dir='ltr'>Berengario</span> 
     </span>
     <span class='ocr_line' id='line_1_23' title="bbox 305 2630 2476 2724; baseline -0.001 -19"><span class='ocrx_word' id='word_1_144' title='bbox 305 2633 619 2724; x_wconf 83' lang='lat' dir='ltr'>Tolosae</span> <span class='ocrx_word' id='word_1_145' title='bbox 696 2644 770 2706; x_wconf 87' lang='lat' dir='ltr'>et</span> <span class='ocrx_word' id='word_1_146' title='bbox 834 2632 1135 2704; x_wconf 87' lang='lat' dir='ltr'>Warino</span> <span class='ocrx_word' id='word_1_147' title='bbox 1210 2634 1521 2704; x_wconf 90' lang='lat' dir='ltr'>Arverni</span> <span class='ocrx_word' id='word_1_148' title='bbox 1592 2631 1861 2705; x_wconf 87' lang='lat' dir='ltr'>comite</span> <span class='ocrx_word' id='word_1_149' title='bbox 1946 2630 2214 2702; x_wconf 91' lang='lat' dir='ltr'>eodem</span> <span class='ocrx_word' id='word_1_150' title='bbox 2286 2655 2476 2704; x_wconf 90' lang='lat' dir='ltr'>anno</span> 
     </span>
     <span class='ocr_line' id='line_1_24' title="bbox 300 2711 2479 2831; baseline 0 -28"><span class='ocrx_word' id='word_1_151' title='bbox 300 2711 585 2831; x_wconf 88' lang='lat' dir='ltr'>proelio</span> <span class='ocrx_word' id='word_1_152' title='bbox 640 2729 966 2804; x_wconf 89' lang='lat' dir='ltr'>conflixit</span> <span class='ocrx_word' id='word_1_153' title='bbox 1016 2772 1110 2785; x_wconf 90' lang='lat'>—-</span> <span class='ocrx_word' id='word_1_154' title='bbox 1178 2732 1254 2803; x_wconf 90' lang='lat' dir='ltr'>in</span> <span class='ocrx_word' id='word_1_155' title='bbox 1326 2756 1469 2829; x_wconf 89' lang='lat' dir='ltr'>quo</span> <span class='ocrx_word' id='word_1_156' title='bbox 1526 2743 1599 2804; x_wconf 92' lang='lat' dir='ltr'>et</span> <span class='ocrx_word' id='word_1_157' title='bbox 1652 2733 1960 2805; x_wconf 86' lang='lat' dir='ltr'>fratrem</span> <span class='ocrx_word' id='word_1_158' title='bbox 2013 2730 2479 2803; x_wconf 90' lang='lat' dir='ltr'>Garsandum</span> 
     </span>
     <span class='ocr_line' id='line_1_25' title="bbox 305 2829 2480 2926; baseline -0.002 -21"><span class='ocrx_word' id='word_1_159' title='bbox 305 2831 700 2926; x_wconf 83' lang='lat' dir='ltr'>singularis</span> <span class='ocrx_word' id='word_1_160' title='bbox 754 2831 1141 2904; x_wconf 89' lang='lat' dir='ltr'>amentiae</span> <span class='ocrx_word' id='word_1_161' title='bbox 1173 2832 1550 2903; x_wconf 88' lang='lat' dir='ltr'>hominem</span> <span class='ocrx_word' id='word_1_162' title='bbox 1603 2830 1881 2926; x_wconf 91' lang='lat' dir='ltr'>amisit,</span> <span class='ocrx_word' id='word_1_163' title='bbox 1954 2840 2029 2901; x_wconf 92' lang='lat' dir='ltr'>et</span> <span class='ocrx_word' id='word_1_164' title='bbox 2079 2829 2286 2926; x_wconf 88' lang='lat' dir='ltr'>ipse,</span> <span class='ocrx_word' id='word_1_165' title='bbox 2309 2830 2480 2903; x_wconf 81' lang='lat' dir='ltr'>nisi</span> 
     </span>
     <span class='ocr_line' id='line_1_26' title="bbox 304 2929 2479 3043; baseline -0.001 -40"><span class='ocrx_word' id='word_1_166' title='bbox 304 2929 442 3003; x_wconf 90' lang='lat' dir='ltr'>sibi</span> <span class='ocrx_word' id='word_1_167' title='bbox 509 2931 861 3026; x_wconf 84' lang='lat' dir='ltr'>fugiendo</span> <span class='ocrx_word' id='word_1_168' title='bbox 928 2932 1381 3026; x_wconf 86' lang='lat' dir='ltr'>consuleret,</span> <span class='ocrx_word' id='word_1_169' title='bbox 1457 2954 1691 3043; x_wconf 87' lang='lat' dir='ltr'>prope</span> <span class='ocrx_word' id='word_1_170' title='bbox 1761 2929 2140 3004; x_wconf 88' lang='lat' dir='ltr'>interitum</span> <span class='ocrx_word' id='word_1_171' title='bbox 2191 2930 2331 3001; x_wconf 90' lang='lat' dir='ltr'>fuit</span> <span class='ocrx_word' id='word_1_172' title='bbox 2383 2969 2479 2983; x_wconf 92' lang='lat'>--</span> 
     </span>
     <span class='ocr_line' id='line_1_27' title="bbox 250 3027 2481 3127; baseline -0 -26"><span class='ocrx_word' id='word_1_173' title='bbox 250 3065 265 3074; x_wconf 49' lang='grc'><strong>“</strong></span> <span class='ocrx_word' id='word_1_174' title='bbox 306 3052 474 3101; x_wconf 89' lang='lat' dir='ltr'>cum</span> <span class='ocrx_word' id='word_1_175' title='bbox 555 3029 630 3100; x_wconf 88' lang='lat' dir='ltr'>in</span> <span class='ocrx_word' id='word_1_176' title='bbox 701 3042 1178 3126; x_wconf 88' lang='lat' dir='ltr'>conspectum</span> <span class='ocrx_word' id='word_1_177' title='bbox 1241 3029 1716 3127; x_wconf 85' lang='lat' dir='ltr'>imperatoris</span> <span class='ocrx_word' id='word_1_178' title='bbox 1785 3030 2148 3122; x_wconf 87' lang='lat' dir='ltr'>venisset,</span> <span class='ocrx_word' id='word_1_179' title='bbox 2227 3051 2315 3099; x_wconf 88' lang='lat' dir='ltr'>ac</span> <span class='ocrx_word' id='word_1_180' title='bbox 2386 3027 2481 3100; x_wconf 90' lang='lat' dir='ltr'>de</span> 
     </span>
     <span class='ocr_line' id='line_1_28' title="bbox 303 3126 2477 3226; baseline -0.001 -26"><span class='ocrx_word' id='word_1_181' title='bbox 303 3126 652 3226; x_wconf 88' lang='lat' dir='ltr'>perfidia,</span> <span class='ocrx_word' id='word_1_182' title='bbox 726 3128 929 3201; x_wconf 88' lang='lat' dir='ltr'>cuius</span> <span class='ocrx_word' id='word_1_183' title='bbox 983 3153 1024 3200; x_wconf 89' lang='lat' dir='ltr'>a</span> <span class='ocrx_word' id='word_1_184' title='bbox 1076 3129 1509 3201; x_wconf 88' lang='lat' dir='ltr'>memoratis</span> <span class='ocrx_word' id='word_1_185' title='bbox 1563 3127 1955 3200; x_wconf 90' lang='lat' dir='ltr'>comitibus</span> <span class='ocrx_word' id='word_1_186' title='bbox 2009 3127 2305 3197; x_wconf 89' lang='lat' dir='ltr'>inmane</span> <span class='ocrx_word' id='word_1_187' title='bbox 2358 3150 2477 3198; x_wconf 90' lang='lat' dir='ltr'>ac-</span> 
     </span>
     <span class='ocr_line' id='line_1_29' title="bbox 305 3224 2477 3324; baseline -0.002 -24"><span class='ocrx_word' id='word_1_188' title='bbox 305 3227 734 3324; x_wconf 87' lang='lat' dir='ltr'>cusabatur,</span> <span class='ocrx_word' id='word_1_189' title='bbox 788 3251 869 3300; x_wconf 90' lang='lat' dir='ltr'>se</span> <span class='ocrx_word' id='word_1_190' title='bbox 921 3251 1242 3324; x_wconf 85' lang='lat' dir='ltr'>purgare</span> <span class='ocrx_word' id='word_1_191' title='bbox 1295 3252 1442 3298; x_wconf 90' lang='lat' dir='ltr'>non</span> <span class='ocrx_word' id='word_1_192' title='bbox 1496 3224 1901 3323; x_wconf 89' lang='lat' dir='ltr'>potuisset,</span> <span class='ocrx_word' id='word_1_193' title='bbox 1956 3236 2031 3298; x_wconf 90' lang='lat' dir='ltr'>et</span> <span class='ocrx_word' id='word_1_194' title='bbox 2083 3226 2242 3321; x_wconf 90' lang='lat' dir='ltr'>ipse</span> <span class='ocrx_word' id='word_1_195' title='bbox 2293 3235 2477 3298; x_wconf 89' lang='lat' dir='ltr'>tem-</span> 
     </span>
     <span class='ocr_line' id='line_1_30' title="bbox 301 3323 2478 3425; baseline -0.001 -26"><span class='ocrx_word' id='word_1_196' title='bbox 301 3328 538 3425; x_wconf 84' lang='lat' dir='ltr'>porali</span> <span class='ocrx_word' id='word_1_197' title='bbox 592 3338 708 3400; x_wconf 90' lang='lat' dir='ltr'>est</span> <span class='ocrx_word' id='word_1_198' title='bbox 760 3327 976 3399; x_wconf 88' lang='lat' dir='ltr'>exilio</span> <span class='ocrx_word' id='word_1_199' title='bbox 1030 3326 1478 3423; x_wconf 85' lang='lat' dir='ltr'>deportatus.</span> <span class='ocrx_word' id='word_1_200' title='bbox 1560 3326 1984 3399; x_wconf 86' lang='lat' dir='ltr'>Conventus</span> <span class='ocrx_word' id='word_1_201' title='bbox 2037 3323 2478 3420; x_wconf 82' lang='lat' dir='ltr'>Aquisgrani</span> 
     </span>
     <span class='ocr_line' id='line_1_31' title="bbox 305 3424 2481 3537; baseline -0.001 -39"><span class='ocrx_word' id='word_1_202' title='bbox 305 3436 476 3524; x_wconf 88' lang='lat' dir='ltr'>post</span> <span class='ocrx_word' id='word_1_203' title='bbox 542 3428 867 3501; x_wconf 87' lang='lat' dir='ltr'>natalem</span> <span class='ocrx_word' id='word_1_204' title='bbox 942 3424 1236 3499; x_wconf 89' lang='lat' dir='ltr'>Domini</span> <span class='ocrx_word' id='word_1_205' title='bbox 1312 3424 1650 3537; x_wconf 74' lang='lat' dir='ltr'>habitus,</span> <span class='ocrx_word' id='word_1_206' title='bbox 1728 3425 1802 3497; x_wconf 90' lang='lat' dir='ltr'>in</span> <span class='ocrx_word' id='word_1_207' title='bbox 1868 3449 2013 3521; x_wconf 89' lang='lat' dir='ltr'>quo</span> <span class='ocrx_word' id='word_1_208' title='bbox 2084 3424 2317 3496; x_wconf 89' lang='lat' dir='ltr'>multa</span> <span class='ocrx_word' id='word_1_209' title='bbox 2387 3424 2481 3496; x_wconf 90' lang='lat' dir='ltr'>de</span> 
     </span>
     <span class='ocr_line' id='line_1_32' title="bbox 307 3525 2479 3619; baseline -0.002 -21"><span class='ocrx_word' id='word_1_210' title='bbox 307 3535 499 3598; x_wconf 90' lang='lat' dir='ltr'>statu</span> <span class='ocrx_word' id='word_1_211' title='bbox 554 3527 1029 3599; x_wconf 88' lang='lat' dir='ltr'>ecclesiarum</span> <span class='ocrx_word' id='word_1_212' title='bbox 1097 3538 1171 3600; x_wconf 92' lang='lat' dir='ltr'>et</span> <span class='ocrx_word' id='word_1_213' title='bbox 1221 3525 1842 3598; x_wconf 88' lang='lat' dir='ltr'>monasteriorum</span> <span class='ocrx_word' id='word_1_214' title='bbox 1896 3533 2205 3598; x_wconf 89' lang='lat' dir='ltr'>tractata</span> <span class='ocrx_word' id='word_1_215' title='bbox 2258 3533 2479 3619; x_wconf 90' lang='lat' dir='ltr'>atque</span> 
     </span>
     <span class='ocr_line' id='line_1_33' title="bbox 307 3622 2477 3737; baseline -0.003 -39"><span class='ocrx_word' id='word_1_216' title='bbox 307 3623 643 3698; x_wconf 86' lang='lat' dir='ltr'>ordinata</span> <span class='ocrx_word' id='word_1_217' title='bbox 694 3637 888 3719; x_wconf 91' lang='lat' dir='ltr'>sunt,</span> <span class='ocrx_word' id='word_1_218' title='bbox 939 3625 1228 3735; x_wconf 85' lang='lat' dir='ltr'>legibus</span> <span class='ocrx_word' id='word_1_219' title='bbox 1282 3626 1504 3699; x_wconf 91' lang='lat' dir='ltr'>etiam</span> <span class='ocrx_word' id='word_1_220' title='bbox 1548 3625 1862 3737; x_wconf 79' lang='lat' dir='ltr'>capitula</span> <span class='ocrx_word' id='word_1_221' title='bbox 1917 3622 2276 3721; x_wconf 91' lang='lat' dir='ltr'>quaedam</span> <span class='ocrx_word' id='word_1_222' title='bbox 2313 3644 2477 3717; x_wconf 91' lang='lat' dir='ltr'>per-</span> 
     </span>
     <span class='ocr_line' id='line_1_34' title="bbox 304 3719 2482 3834; baseline -0.001 -38"><span class='ocrx_word' id='word_1_223' title='bbox 304 3721 768 3820; x_wconf 88' lang='lat' dir='ltr'>necessaria,</span> <span class='ocrx_word' id='word_1_224' title='bbox 837 3721 1005 3819; x_wconf 90' lang='lat' dir='ltr'>quia</span> <span class='ocrx_word' id='word_1_225' title='bbox 1074 3725 1416 3819; x_wconf 89' lang='lat' dir='ltr'>deerant,</span> <span class='ocrx_word' id='word_1_226' title='bbox 1494 3725 1910 3822; x_wconf 88' lang='lat' dir='ltr'>conscripta</span> <span class='ocrx_word' id='word_1_227' title='bbox 1962 3733 2182 3834; x_wconf 72' lang='lat' dir='ltr'>atque</span> <span class='ocrx_word' id='word_1_228' title='bbox 2232 3719 2482 3793; x_wconf 87' lang='lat' dir='ltr'>addita</span> 
     </span>
     <span class='ocr_line' id='line_1_35' title="bbox 306 3818 2479 3934; baseline -0.003 -36"><span class='ocrx_word' id='word_1_229' title='bbox 306 3833 495 3898; x_wconf 90' lang='lat' dir='ltr'>sunt.</span> <span class='ocrx_word' id='word_1_230' title='bbox 602 3823 763 3910; x_wconf 85' lang='lat' dir='ltr'>Quo</span> <span class='ocrx_word' id='word_1_231' title='bbox 818 3835 1156 3921; x_wconf 79' lang='lat' dir='ltr'>peracte,</span> <span class='ocrx_word' id='word_1_232' title='bbox 1208 3821 1653 3920; x_wconf 88' lang='lat' dir='ltr'>imperator,</span> <span class='ocrx_word' id='word_1_233' title='bbox 1706 3821 2057 3934; x_wconf 89' lang='lat' dir='ltr'>inspectis</span> <span class='ocrx_word' id='word_1_234' title='bbox 2105 3818 2479 3916; x_wconf 88' lang='lat' dir='ltr'>plerisque</span> 
     </span>
     <span class='ocr_line' id='line_1_36' title="bbox 307 3920 2478 4020; baseline -0.001 -25"><span class='ocrx_word' id='word_1_235' title='bbox 307 3922 666 3996; x_wconf 89' lang='lat' dir='ltr'>nobilium</span> <span class='ocrx_word' id='word_1_236' title='bbox 736 3920 1070 4018; x_wconf 86' lang='lat' dir='ltr'>filiabus,</span> <span class='ocrx_word' id='word_1_237' title='bbox 1148 3923 1418 4020; x_wconf 90' lang='lat' dir='ltr'>Huelpi</span> <span class='ocrx_word' id='word_1_238' title='bbox 1484 3923 1776 3996; x_wconf 84' lang='lat' dir='ltr'>comitis</span> <span class='ocrx_word' id='word_1_239' title='bbox 1838 3920 2102 4015; x_wconf 86' lang='lat' dir='ltr'>filiam,</span> <span class='ocrx_word' id='word_1_240' title='bbox 2178 3920 2478 3992; x_wconf 89' lang='lat' dir='ltr'>nomine</span> 
     </span>
     <span class='ocr_line' id='line_1_37' title="bbox 309 4021 2480 4118; baseline -0.002 -23"><span class='ocrx_word' id='word_1_241' title='bbox 309 4023 596 4117; x_wconf 90' lang='lat' dir='ltr'>Iudith,</span> <span class='ocrx_word' id='word_1_242' title='bbox 651 4021 856 4094; x_wconf 89' lang='lat' dir='ltr'>duxit</span> <span class='ocrx_word' id='word_1_243' title='bbox 906 4046 1235 4094; x_wconf 86' lang='lat' dir='ltr'>uxorem.</span> <span class='ocrx_word' id='word_1_244' title='bbox 1319 4022 1742 4118; x_wconf 89' lang='lat' dir='ltr'>lterumque</span> <span class='ocrx_word' id='word_1_245' title='bbox 1781 4030 2183 4093; x_wconf 88' lang='lat' dir='ltr'>conventus</span> <span class='ocrx_word' id='word_1_246' title='bbox 2219 4042 2480 4092; x_wconf 87' lang='lat' dir='ltr'>mense</span> 
     </span>
     <span class='ocr_line' id='line_1_38' title="bbox 308 4120 2478 4220; baseline -0.001 -28"><span class='ocrx_word' id='word_1_247' title='bbox 308 4120 490 4195; x_wconf 90' lang='lat' dir='ltr'>Iulio</span> <span class='ocrx_word' id='word_1_248' title='bbox 544 4123 737 4220; x_wconf 89' lang='lat' dir='ltr'>apud</span> <span class='ocrx_word' id='word_1_249' title='bbox 789 4120 1284 4217; x_wconf 86' lang='lat' dir='ltr'>Ingilunheim</span> <span class='ocrx_word' id='word_1_250' title='bbox 1337 4120 1692 4220; x_wconf 87' lang='lat' dir='ltr'>palatium</span> <span class='ocrx_word' id='word_1_251' title='bbox 1745 4120 2076 4216; x_wconf 79' lang='lat' dir='ltr'>habituS,</span> <span class='ocrx_word' id='word_1_252' title='bbox 2146 4130 2221 4194; x_wconf 86' lang='lat' dir='ltr'>et</span> <span class='ocrx_word' id='word_1_253' title='bbox 2271 4141 2478 4192; x_wconf 88' lang='lat' dir='ltr'>exer-</span> 
     </span>
    </p>
   </div>
  </div>
 </body>
</html>
