3027 4904
1235 342 1315 412 A.·
1367 341 1535 415 817.
2374 344 2469 419 73

304 519 746 595 Thrasconis
798 521 1073 617 *partiri
1125 519 1582 616 iubebatur-3.
1624 531 1810 617 quae
1879 545 1999 595 res
2050 522 2261 597 illum
2299 535 2468 596 ‘tam

303 621 630 716 graviter
680 619 1213 714 exacerbavit,
1250 633 1338 695 ut.
1383 621 1849 716 adfirmaret,
1920 645 2003 694 se
2066 618 2469 718 numquam

303 721 611 815 posthac
661 720 904 792 Albim
954 717 1261 791 fluvium
1314 721 1834 814 transiturum,
1902 744 2141 816 neque
2194 723 2286 795 ad
2331 746 2464 818 pa-

302 818 565 891 latium
615 830 1029 892 venturum.
1151 817 1417 890 Statim
1468 819 1696 891 missa
1749 828 1954 891 trans
2006 842 2213 893 mare
2265 822 2467 916 lega-

303 915 548 1013 tione,
586 917 835 1009 ,iunxit
885 915 1245 990 amicitias
1299 940 1466 988 cum
1498 916 1691 989 filiis
1741 918 2163 1014 Godofridi,
2217 931 2332 1014 et,
2388 931 2468 993 ut

303 1017 666 1089 exercitus
732 1018 807 1089 in
870 1015 1278 1090 ,saxoniam
1347 1015 1955 1091 Transalbianam
2001 1018 2463 1113 mitteretur,

300 1115 741 1212 impetravit.
887 1115 1074 1185 Nam
1149 1124 1225 1186 et
1298 1115 1555 1187 classis
1634 1139 1892 1189 eorum
1967 1140 2100 1214 per
2174 1118 2464 1190 Albiam

299 1237 529 1311 usque
606 1212 699 1284 ad
775 1213 1120 1299 Esesfeld
1194 1215 1582 1287 castellum
1649 1218 1886 1309 venit,
1966 1239 2154 1311 quae
2213 1226 2463 1289 totam

300 1313 594 1386 Sturiae
646 1310 972 1385 fluminis
1024 1311 1764 1410 ripamdevastavit,
1832 1315 2286 1409 et'Gluomi,
2325 1339 2462 1391 cu-

298 1423 456 1484 stos
511 1411 1037 1483 Nordma-nnici
1086 1409 1368 1506 limitis,
1420 1413 1807 1508 pedestres
1857 1414 2104 1510 copias
2160 1415 2461 1510 ducenS,

296 1511 516 1583 simul
582 1533 749 1582 cum
800 1509 1174 1585 Abodritis
1224 1521 1522 1582 terreno
1590 1512 1849 1587 itinere
1903 1512 1997 1584 ad
2048 1513 2293 1609 ipsum
2344 1538 2461 1586 ca·

295 1610 593 1682 stellum
648 1610 975 1682 accessi-t.
1065 1609 1344 1696 Quibus
1396 1633 1569 1701 wcum
1622 1610 1864 1685 nostri.
1907 1612 2197 1688 fortiter
2248 1613 2460 1685 rest-i-

292 1706 596 1801 tissent,
651 1708 927 1782 omissa
979 1708 1261 1783 castelli
1315 1710 1890 1806 oppugnatione,
1945 1709 2459 1785 discesserunt.

293 1806 586 1880 Interea
623 1831 792 1879 cum
833 1808 1237 1904 imperator
1275 1809 1665 1883 venatione
1702 1820 2000 1904 peracta
2039 1809 2132 1882 de
2165 1811 2459 1905 Vosego

293 1907 754 2002 Aquasgrani
805 1916 1345 2003 reverteretur,
1417 1908 1835 1981 nuntiatum
1887 1918 2004 1980 est
2035 1910 2162 2003 ‚ei,
2232 1909 2459 1983 Bern-

291 2005 606 2077 hardum
643 2017 988 2103 nepotem
1041 2029 1300 2100 suum,
1353 2006 1607 2079 Italiae
1660 2030 1941 2104 regem,
1995 2009 2460 2103 quorundam

290 2128 687 2201 pravorum
724 2103 1105 2177 hominum
1154 2103 1462 2178 consilio
1498 2106 1960 2199 tyrannidem
1994 2107 2457 2200 meditatum,

292 2202 442 2277 iam
519 2226 781 2277 omnes
858 2204 1100 2277 aditus
1163 2202 1425 2300 quibus
1493 2204 1569 2276 in
1621 2204 1906 2278 Italiam
1955 2206 2304 2302 intratur,
2379 2209 2457 2282 id

292 2316 407 2378 est
486 2305 769 2394 clusas,
864 2303 1197 2400 inpositis
1290 2302 1648 2377 firmasse,
1731 2304 2157 2400 praesidiis,
2238 2316 2457 2402 atque

292 2426 551 2476 omnes
585 2403 838 2476 Italiae
880 2402 1212 2477 civitates
1248 2402 1321 2476 in
1361 2403 1559 2476 illius
1610 2402 1846 2500 verba,
1888 2403 2205 2496 iurasse3
2259 2406 2457 2502 quod

294 2527 384 2573 ex
447 2513 660 2599 parte
712 2511 1009 2597 verum,
1070 2525 1160 2574 ex
1210 2514 1431 2599 „parte
1487 2502 1758 2578 falsum
1823 2513 2004 2578 erat.
2108 2504 2218 2576 Ad
2274 2528 2457 2601 quos

292 2611 538 2674 motus
609 2601 1217 2698 comprimendos·
1283 2624 1490 2697 curn,
1561 2625 1651 2674 ex
1713 2612 1888 2676 totae
1932 2602 2458 2699 Galliaj-atque

289 2701 684 2774 Germania
716 2711 1164 2795 congregato
1188 2710 1491 2774 summa,
1526 2700 1905 2780 celeritate
1936 2725 2208 2796 magno
2237 2726 2454 2780 ..exer-

291 2799 476 2892 citu,
542 2800 948 2897 imperator
1010 2800 1299 2873 ltaliam
1366 2800 1643 2872 intrare
1694 2800 2157 2898 festinasset,
2225 2800 2454 2878 Bern-
2555 2854 2571 2872 .

290 2899 566 2970 hardus
635 2898 857 2971 rebus
933 2900 1084 2971 suis
1143 2899 1540 2994 diffidens,
1611 2900 1930 2972 maxime
1997 2900 2198 2996 quod
2249 2925 2374 2976 se.
2412 2927 2457 2974 a

290 2998 442 3069 suis
513 2998 779 3069 cotidie
840 2998 1082 3070 deseri
1138 2997 1468 3090 videbat,
1542 2999 1765 3070 armis
1819 3000 2205 3095 depositis,
2239 3000 2456 3095 ,apud

290 3095 773 3169 Cavillionem
845 3095 1270 3193 imperatori
1341 3122 1422 3169 se
1488 3096 1874 3189 tradidit,
1911 3121 2131 3193 quem
2185 3098 2459 3172 caeteri

287 3194 558 3290 secuti,
637 3221 784 3267 non
857 3197 1098 3267 solum
1170 3196 1396 3268 armis
1449 3195 1802 3291 depositis
1856 3219 1937 3267 se
1992 3195 2456 3291 dediderunt,

284 3320 547 3368 verum
598 3296 789 3369 ultro
859 3306 935 3369 et
986 3295 1079 3367 ad
1129 3295 1444 3392 primam
1497 3295 2157 3388 interrogationem
2210 3298 2458 3370 omnia

285 3396 392 3466 uti
455 3407 669 3489 gesta
737 3407 949 3469 erant
1024 3405 1487 3492 aperuerunt.
1614 3393 1876 3467 Huius
1935 3394 2456 3469 coniurationis

286 3493 649 3592 principes
702 3496 910 3567 fuere
940 3494 1294 3589 Eggideo,
1347 3493 1857 3568 interamicos
1895 3494 2093 3589 regis
2147 3495 2456 3591 primus,

286 3606 362 3667 et
434 3591 941 3685 Reginhardus
1008 3594 1454 3668 camerarius
1537 3593 1731 3688 eius,
1811 3604 1887 3665 et
1968 3592 2456 3689 Reginharius

285 3689 721 3784 Meginharii
761 3690 1048 3764 comitis
1090 3691 1310 3785 filius,
1349 3692 1555 3764 cuius
1583 3704 1968 3765 maternus
2004 3716 2186 3764 avus
2220 3692 2455 3764 Hard-

285 3790 510 3862 radus
581 3790 760 3861 olim
824 3789 897 3860 in
969 3789 1362 3862 Germania
1440 3813 1608 3864 cum
1677 3791 1930 3863 multis
2003 3813 2093 3862 ex
2145 3813 2235 3861 ea
2285 3816 2455 3888 pro-

283 3890 521 3962 vincia
589 3887 957 3961 nobilibus
1022 3900 1276 3961 contra
1342 3890 1648 3961 Karlum
1701 3892 2232 3985 imperatorem
2284 3915 2453 3966 con-

284 3988 568 4062 iuravit.
689 3988 918 4060 Erant
968 3998 1354 4084 praeterea
1406 4001 1481 4061 et
1532 3988 1655 4060 alii
1708 3987 1919 4060 multi
1972 3990 2324 4085 praeclari
2378 4003 2454 4065 et

285 4087 568 4162 nobiles
606 4088 766 4183 viri,
823 4086 944 4185 qui
1000 4087 1073 4159 in
1127 4088 1392 4160 eodem
1445 4088 1728 4161 scelere
1780 4087 2221 4185 deprehensi
2256 4101 2450 4185 sunt,
