3027 4904
523 299 621 369 56
1141 294 1593 369 EINHARDI
1647 294 2079 368 ANNALES

522 487 951 576 potuerunt,
1006 486 1081 548 et
1128 475 1272 574 ipsi
1321 475 1626 548 domum
1679 475 2001 570 regressi
2056 486 2249 548 sunt.
2354 476 2695 551 Godofri·

525 577 661 650 dus
715 599 934 671 vero,
987 577 1414 689 priusquam
1455 585 1978 670 reverteretur,
2034 575 2405 648 destructo
2442 599 2694 674 empo-

526 678 680 772 rio,
735 675 929 772 quod
983 675 1056 747 in
1112 675 1367 747 oceani
1422 674 1637 747 litore
1683 675 2198 770 constitutum,
2271 676 2523 771 lingua
2554 677 2694 748 Da-

526 799 793 848 norum
856 771 1112 848 Reric1
1182 773 1600 870 dicebatur,
1668 785 1744 846 et
1809 797 2159 869 magnam
2211 798 2444 870 regno
2497 777 2696 848 illius

527 873 1127 948 commoditatem
1178 873 1649 969 vectigalium
1693 874 2194 971 persolutione
2247 875 2695 971 praestabat,

525 975 1048 1070 translatisque
1098 974 1268 1047 inde
1321 973 1940 1069 negotiatoribus,
2021 974 2260 1045 soluta
2315 975 2552 1047 classe
2604 973 2698 1046 ad

525 1085 821 1188 portum
883 1073 1004 1170 qui
1057 1073 1470 1170 Sliesthorp
1543 1072 1805 1145 dicitur
1872 1095 2038 1144 cum
2092 1070 2435 1146 universo
2490 1097 2695 1146 exer-

526 1174 670 1248 citu
719 1174 944 1247 venit.
1063 1173 1169 1245 Ibi
1225 1196 1359 1270 per
1408 1172 1689 1269 aliquot
1738 1171 1895 1244 dies
1949 1181 2322 1268 moratus,
2384 1173 2698 1247 limitem

526 1273 738 1370 regni
791 1273 903 1346 sui
959 1273 1084 1369 qui
1138 1271 1534 1345 Saxoniam
1587 1270 1909 1368 respicit,
1961 1271 2157 1342 vallo
2191 1272 2479 1344 munire
2524 1297 2696 1346 con-

527 1372 786 1469 stituit,
842 1396 928 1444 eo
986 1371 1232 1464 modo,
1287 1383 1367 1445 ut
1418 1371 1508 1442 ab
1564 1369 1902 1443 orientali
1954 1370 2181 1442 maris
2234 1373 2422 1466 sinu,
2477 1396 2700 1468 quem

528 1472 633 1543 illi
689 1427 1101 1544 Ostarsalt²
1153 1470 1422 1566 dicunt,
1475 1494 1710 1567 usque
1766 1470 1859 1541 ad
1902 1469 2434 1543 occidentalem
2488 1494 2697 1544 ocea-

526 1595 706 1643 num
757 1580 987 1642 totam
1025 1525 1482 1664 Aegidorae3
1531 1568 1858 1642 fluminis
1911 1569 2408 1665 aquilonalem
2461 1571 2698 1667 ripam

528 1670 1069 1741 munimentum
1132 1669 1309 1739 valli
1373 1679 1868 1765 praetexeret,
1948 1692 2095 1739 una
2144 1681 2431 1742 tantum
2484 1681 2698 1768 porta

531 1767 859 1863 dimissa,
912 1791 1046 1865 per
1096 1791 1314 1863 quam
1351 1792 1559 1840 carra
1613 1778 1689 1841 et
1739 1766 2023 1865 equites
2076 1768 2309 1842 emitti
2363 1781 2437 1842 et
2472 1769 2700 1867 recipi

528 1867 981 1966 potuissent:
1052 1865 1287 1939 diviso
1355 1867 1603 1963 itaque
1655 1891 1880 1964 opere
1934 1867 2124 1939 inter
2178 1868 2400 1941 duces
2455 1869 2698 1965 copia-

528 1991 728 2058 rum,
797 1965 1102 2037 domum
1171 1989 1516 2040 reversus
1588 1978 1719 2040 est.
1841 1966 2131 2040 Interea
2189 1990 2317 2039 rex
2368 1967 2699 2039 Nordan-

528 2065 1012 2138 humbrorum
1085 2065 1176 2138 de
1245 2064 1604 2139 Brittania
1670 2065 1952 2161 insula,
2020 2065 2320 2138 nomine
2371 2067 2700 2163 Eardulf,

529 2184 760 2260 regno
817 2175 893 2236 et
943 2165 1177 2262 patria
1246 2166 1544 2262 pulsus,
1625 2164 1717 2235 ad
1767 2165 2293 2261 imperatorem
2346 2166 2523 2238 dum
2577 2167 2700 2238 ad-

529 2266 673 2337 huc
725 2263 1163 2358 Noviomagi
1236 2273 1652 2335 moraretur
1714 2264 1954 2358 venit,
2027 2275 2101 2336 et
2154 2267 2521 2361 patefacto
2577 2265 2700 2338 ad-

529 2374 794 2436 ventus
849 2363 961 2435 sui
1017 2362 1358 2459 negotio,
1411 2364 1724 2435 Romam
1754 2360 2264 2460 proficiscitur,
2319 2365 2702 2463 Romaque

529 2464 864 2559 redienS,
936 2488 1084 2576 per·
1139 2464 1425 2559 legatos
1495 2462 1805 2535 Romani
1874 2462 2242 2561 pontificis
2306 2477 2382 2537 et
2452 2466 2702 2538 domni

528 2563 997 2660 imperatoris
1065 2563 1138 2634 in
1206 2587 1518 2658 regnum
1574 2571 1792 2635 suum
1842 2563 2239 2637 reducitur.
2356 2564 2705 2640 Praeerat

530 2674 706 2736 tunc
736 2662 1095 2757 temporis
1129 2662 1483 2735 ecclesiae
1519 2662 1898 2734 Romanae
1953 2662 2099 2735 Leo
2151 2663 2440 2759 tertius,
2496 2665 2702 2738 cuius

530 2762 825 2856 legatus
878 2761 972 2832 ad
1025 2760 1452 2833 Brittaniam
1524 2760 1846 2836 directus
1901 2772 2016 2833 est
2068 2762 2409 2835 Aldulfus
2464 2764 2705 2839 diaco-

531 2883 671 2933 nus
739 2860 829 2931 de
902 2859 1062 2957 ipsa
1127 2859 1523 2933 Brittania.
1594 2861 1889 2931 natione
1959 2861 2196 2956 Sax0,
2268 2872 2560 2936 etcum
2614 2888 2703 2938 eo

532 2958 622 3031 ab
679 2958 1125 3056 imperatore
1177 2958 1383 3032 missi
1438 2958 1744 3032 abbates
1812 2960 1955 3032 duo
2008 2960 2430 3034 Hrotfridus
2499 2974 2706 3036 n'ota-

533 3054 733 3130 ιίυ54
821 3068 896 3130 et
966 3057 1409 3131 Nantharius
1481 3057 1708 3132 abbas
1780 3059 1872 3131 de
1941 3072 2194 3134 sancto
2260 3061 2703 3135 Audemaro.

532 3159 946 3254 Impeiator
1010 3182 1188 3231 vero
1257 3157 1662 3231 aedificatis
1733 3182 1868 3256 per
1920 3159 2203 3254 legatos
2257 3184 2430 3232 suos
2485 3184 2709 3273 super

531 3257 775 3330 Albim
830 3256 1133 3329 fluvium
1188 3258 1473 3330 duobus
1517 3258 1866 3349 castellis,
1920 3258 2435 3355 praesidioque
2489 3259 2562 3331 in
2597 3259 2708 3333 eis
2798 3270 2807 3277 ’

535 3366 787 3429 contra
840 3356 1273 3428 Sclavorum
1328 3357 1785 3431 incursiones
1820 3357 2210 3454 disposit0,
2265 3356 2708 3455 Aquisgrani

531 3454 923 3549 hiemavit,
992 3456 1457 3553 natalemque
1525 3455 1818 3529 Domini
1888 3465 1963 3528 et
2032 3466 2365 3528 sanctum
2432 3461 2709 3557 pascha

533 3556 807 3630 ibidem
861 3553 1279 3628 celebravit.

685 3672 849 3747 809.
928 3672 1202 3746 Classis
1290 3672 1381 3746 de
1451 3672 2089 3771 Constantinopoli
2166 3674 2395 3747 missa
2466 3676 2705 3772 primo

541 3856 590 3925 1)
636 3856 947 3915 Gebhardio
1002 3861 1126 3915 hist.
1176 3858 1384 3914 Daniae
1432 3879 1484 3932 p.
1535 3865 1661 3921 381.
1721 3870 1804 3915 est
1854 3859 2095 3925 Rorich,
2146 3862 2271 3915 villa
2322 3880 2485 3934 parva
2539 3881 2708 3934 prope

536 3929 900 3986 Wismariam.
1055 3932 1108 3999 2)
1147 3936 1232 3989 die
1271 3933 1468 3988 Ostsee.
1625 3931 1676 4003 3)
1713 3936 1798 3988 die
1835 3934 2026 4000 Eider;
2076 3933 2145 3987 cf.
2206 3934 2432 4001 „Kieler
2468 3935 2710 3991 Bliitter“

537 4001 601 4062 T.
637 4001 729 4056 IV·
765 4022 820 4074 p.
859 4006 984 4063 403.
1139 4006 1192 4077 4)
1231 4007 1397 4062 abbas
1449 4004 1506 4061 S.
1554 4004 1805 4060 Amandi.
